,advisories,appId,app_id,app_view_url,apple_watch_enabled,apple_watch_icon,bundle_id,buys_ads,canonical_country,categories,content_rating,delta,downloads_revenue_date,eula_url,feature_graphic,global_rating_count,humanized_name,humanized_worldwide_last_month_downloads,humanized_worldwide_last_month_revenue,icon,iconUrl,icon_url,id,imessage_enabled,imessage_icon,in_app_purchases,name,os,price,privacy_policy_url,publisher_address,publisher_country,publisher_email,publisher_id,publisher_name,publisher_profile_url,rank,rating,rating_count,rating_count_for_current_version,rating_for_current_version,release_date,short_description,shows_ads,support_url,updated_date,url,valid_countries,version,website_url
0,"['Infrequent/Mild Mature/Suggestive Themes', 'Infrequent/Mild Cartoon or Fantasy Violence', 'Infrequent/Mild Simulated Gambling', 'Infrequent/Mild Alcohol, Tobacco, or Drug Use or References', 'Infrequent/Mild Sexual Content and Nudity', 'Infrequent/Mild Medical/Treatment Information', 'Infrequent/Mild Horror/Fear Themes', 'Infrequent/Mild Realistic Violence']",1495369374.0,1495369374.0,/ios/us/voodoo/app/draw-climber/1495369374/,,,com.appadvisory.drawclimber,,US,"[6014, 7001, 6016, 7003]",12+,0.0,2020-02-17T00:00:00Z,,,110916.0,Draw Climber,"{'downloads': 1000, 'downloads_rounded': 5, 'prefix': '< ', 'string': '< 5k', 'units': 'k'}","{'prefix': '< $', 'revenue': 1000, 'revenue_rounded': 5, 'string': '< $5k', 'units': 'k'}",https://is1-ssl.mzstatic.com/image/thumb/Purple124/v4/3c/eb/bb/3cebbbdb-6b17-bbbb-f429-2818bfc6ecaa/AppIcon-0-0-1x_U007emarketing-0-0-0-7-0-85-220.png/150x150bb.png,https://is1-ssl.mzstatic.com/image/thumb/Purple124/v4/3c/eb/bb/3cebbbdb-6b17-bbbb-f429-2818bfc6ecaa/AppIcon-0-0-1x_U007emarketing-0-0-0-7-0-85-220.png/150x150bb.png,https://is1-ssl.mzstatic.com/image/thumb/Purple124/v4/3c/eb/bb/3cebbbdb-6b17-bbbb-f429-2818bfc6ecaa/AppIcon-0-0-1x_U007emarketing-0-0-0-7-0-85-220.png/150x150bb.png,1495369374.0,,,1.0,Draw Climber,ios,0.0,https://www.voodoo.io/privacy,,France,,714804730.0,Voodoo,/ios/publisher/voodoo/714804730,1.0,4.5,46360.0,5548.0,4.5,2020-01-25T00:29:26Z,,,https://www.voodoo.io,2020-02-19T00:00:00Z,https://apps.apple.com/US/app/id1495369374?l=en,"['US', 'AU', 'CA', 'CN', 'FR', 'DE', 'GB', 'IT', 'JP', 'KR', 'RU', 'DZ', 'AO', 'AR', 'AT', 'AZ', 'BB', 'BY', 'BE', 'BM', 'BR', 'BG', 'CL', 'CO', 'CR', 'HR', 'CZ', 'DK', 'DO', 'EC', 'EG', 'SV', 'FI', 'GH', 'GR', 'GT', 'HK', 'HU', 'IN', 'ID', 'IE', 'IL', 'KZ', 'KE', 'KW', 'LB', 'LT', 'LU', 'MO', 'MG', 'MY', 'MX', 'NL', 'NZ', 'NG', 'NO', 'OM', 'PK', 'PA', 'PE', 'PH', 'PL', 'PT', 'QA', 'RO', 'SA', 'SG', 'SK', 'SI', 'ZA', 'ES', 'LK', 'SE', 'CH', 'TW', 'TH', 'TN', 'TR', 'UA', 'AE', 'UY', 'UZ', 'VE', 'VN']",1.1.2,https://www.voodoo.io/
1,['Infrequent/Mild Cartoon or Fantasy Violence'],479516143.0,479516143.0,/ios/us/mojang/app/minecraft/479516143/,,,com.mojang.minecraftpe,True,US,"[6014, 7015, 7002]",9+,0.0,2020-02-17T00:00:00Z,,,1810650.0,Minecraft,"{'downloads': 200000, 'downloads_rounded': 200, 'prefix': None, 'string': '200k', 'units': 'k'}","{'prefix': '$', 'revenue': 6000000, 'revenue_rounded': 6, 'string': '$6m', 'units': 'm'}",https://is2-ssl.mzstatic.com/image/thumb/Purple113/v4/56/00/ed/5600ed67-7cb0-d773-231c-9923d013eee5/AppIcon-0-1x_U007emarketing-0-85-220-9.png/150x150bb.png,https://is2-ssl.mzstatic.com/image/thumb/Purple113/v4/56/00/ed/5600ed67-7cb0-d773-231c-9923d013eee5/AppIcon-0-1x_U007emarketing-0-85-220-9.png/150x150bb.png,https://is2-ssl.mzstatic.com/image/thumb/Purple113/v4/56/00/ed/5600ed67-7cb0-d773-231c-9923d013eee5/AppIcon-0-1x_U007emarketing-0-85-220-9.png/150x150bb.png,479516143.0,,,1.0,Minecraft,ios,6.99,https://account.mojang.com/terms#privacy,,US,,479516146.0,Mojang,/ios/publisher/mojang/479516146,1.0,4.5,787321.0,3575.0,4.5,2011-11-17T08:00:00Z,,True,http://help.mojang.com,2020-02-11T00:00:00Z,https://apps.apple.com/US/app/id479516143?l=en,"['US', 'AU', 'CA', 'FR', 'DE', 'GB', 'IT', 'JP', 'KR', 'RU', 'DZ', 'AO', 'AR', 'AT', 'AZ', 'BB', 'BY', 'BE', 'BM', 'BR', 'BG', 'CL', 'CO', 'CR', 'HR', 'CZ', 'DK', 'DO', 'EC', 'EG', 'SV', 'FI', 'GH', 'GR', 'GT', 'HK', 'HU', 'IN', 'ID', 'IE', 'IL', 'KZ', 'KE', 'KW', 'LB', 'LT', 'LU', 'MO', 'MG', 'MY', 'MX', 'NL', 'NZ', 'NG', 'NO', 'OM', 'PK', 'PA', 'PE', 'PH', 'PL', 'PT', 'QA', 'RO', 'SA', 'SG', 'SK', 'SI', 'ZA', 'ES', 'LK', 'SE', 'CH', 'TW', 'TH', 'TN', 'TR', 'UA', 'AE', 'UY', 'UZ', 'VE', 'VN']",1.14.30,
2,[],1446075923.0,1446075923.0,/ios/us/disney/app/disney/1446075923/,,,com.disney.disneyplus,,US,[6016],4+,0.0,2020-02-17T00:00:00Z,,https://is2-ssl.mzstatic.com/image/thumb/Features113/v4/ea/d0/9e/ead09e7d-1350-7c98-4fb8-2504fa06dc3a/source/4320x1080.png,105918.0,Disney+,"{'downloads': 5000000, 'downloads_rounded': 5, 'prefix': None, 'string': '5m', 'units': 'm'}","{'prefix': '$', 'revenue': 18000000, 'revenue_rounded': 18, 'string': '$18m', 'units': 'm'}",https://is3-ssl.mzstatic.com/image/thumb/Purple124/v4/a9/d1/57/a9d15796-fe9f-72a0-55de-404709d924e0/AppIcon-0-0-1x_U007emarketing-0-0-0-7-0-0-sRGB-0-0-0-GLES2_U002c0-512MB-85-220-0-0.png/150x150bb.png,https://is3-ssl.mzstatic.com/image/thumb/Purple124/v4/a9/d1/57/a9d15796-fe9f-72a0-55de-404709d924e0/AppIcon-0-0-1x_U007emarketing-0-0-0-7-0-0-sRGB-0-0-0-GLES2_U002c0-512MB-85-220-0-0.png/150x150bb.png,https://is3-ssl.mzstatic.com/image/thumb/Purple124/v4/a9/d1/57/a9d15796-fe9f-72a0-55de-404709d924e0/AppIcon-0-0-1x_U007emarketing-0-0-0-7-0-0-sRGB-0-0-0-GLES2_U002c0-512MB-85-220-0-0.png/150x150bb.png,1446075923.0,,,1.0,Disney+,ios,0.0,https://privacy.thewaltdisneycompany.com/nl/privacybeleid/,,US,,284888248.0,Disney,/ios/publisher/disney/284888248,1.0,4.5,90260.0,212.0,4.0,2019-11-12T06:46:25Z,,,https://help.disneyplus.com,2020-02-18T00:00:00Z,https://apps.apple.com/US/app/id1446075923?l=en,"['US', 'AU', 'CA', 'NL', 'NZ']",1.3.0,https://disneyplus.com
3,"['Infrequent/Mild Alcohol, Tobacco, or Drug Use or References', 'Infrequent/Mild Profanity or Crude Humor', 'Infrequent/Mild Mature/Suggestive Themes', 'Infrequent/Mild Cartoon or Fantasy Violence', 'Infrequent/Mild Sexual Content and Nudity']",835599320.0,835599320.0,/ios/us/tiktok-inc/app/tiktok-make-your-day/835599320/,,,com.zhiliaoapp.musically,True,US,"[6016, 6008]",12+,0.0,2020-02-17T00:00:00Z,,https://is3-ssl.mzstatic.com/image/thumb/Features113/v4/3c/f7/e5/3cf7e58e-a956-8e8d-a8d9-263018df8ab7/source/4320x1080.png,8999599.0,TikTok - Make Your Day,"{'downloads': 14000000, 'downloads_rounded': 14, 'prefix': None, 'string': '14m', 'units': 'm'}","{'prefix': '$', 'revenue': 2000000, 'revenue_rounded': 2, 'string': '$2m', 'units': 'm'}",https://is1-ssl.mzstatic.com/image/thumb/Purple124/v4/47/86/fd/4786fd0e-a66e-9aec-2d6d-6606e072cb4c/AppIcon_TikTok-0-0-1x_U007emarketing-0-0-0-7-0-0-sRGB-0-0-0-GLES2_U002c0-512MB-85-220-0-0.png/150x150bb.png,https://is1-ssl.mzstatic.com/image/thumb/Purple124/v4/47/86/fd/4786fd0e-a66e-9aec-2d6d-6606e072cb4c/AppIcon_TikTok-0-0-1x_U007emarketing-0-0-0-7-0-0-sRGB-0-0-0-GLES2_U002c0-512MB-85-220-0-0.png/150x150bb.png,https://is1-ssl.mzstatic.com/image/thumb/Purple124/v4/47/86/fd/4786fd0e-a66e-9aec-2d6d-6606e072cb4c/AppIcon_TikTok-0-0-1x_U007emarketing-0-0-0-7-0-0-sRGB-0-0-0-GLES2_U002c0-512MB-85-220-0-0.png/150x150bb.png,835599320.0,,,1.0,TikTok - Make Your Day,ios,0.0,https://www.tiktok.com/i18n/privacy/,,China,,1039610913.0,TikTok Inc.,/ios/publisher/tiktok-inc/1039610913,2.0,4.5,3417617.0,16099.0,5.0,2014-04-02T22:44:45Z,,True,http://www.tiktok.com,2020-02-18T00:00:00Z,https://apps.apple.com/US/app/id835599320?l=en,"['US', 'AU', 'CA', 'FR', 'DE', 'GB', 'IT', 'RU', 'DZ', 'AO', 'AR', 'AT', 'AZ', 'BB', 'BY', 'BE', 'BM', 'BR', 'BG', 'CL', 'CO', 'CR', 'HR', 'CZ', 'DK', 'DO', 'EC', 'EG', 'SV', 'FI', 'GH', 'GR', 'GT', 'HU', 'IN', 'IE', 'IL', 'KZ', 'KE', 'KW', 'LB', 'LT', 'LU', 'MG', 'MX', 'NL', 'NZ', 'NG', 'NO', 'OM', 'PK', 'PA', 'PE', 'PL', 'PT', 'QA', 'RO', 'SA', 'SK', 'SI', 'ZA', 'ES', 'LK', 'SE', 'CH', 'TN', 'TR', 'UA', 'AE', 'UY', 'UZ', 'VE']",14.9.0,http://www.tiktok.com
4,"['Infrequent/Mild Horror/Fear Themes', 'Infrequent/Mild Realistic Violence']",525818839.0,525818839.0,/ios/us/ndemic-creations/app/plague-inc/525818839/,,,com.ndemiccreations.plagueinc,,US,"[6014, 7017, 7015]",12+,0.0,2020-02-17T00:00:00Z,,https://is2-ssl.mzstatic.com/image/thumb/Features127/v4/ee/c6/e6/eec6e685-b239-ff7e-4829-0a59719ca06c/source/4320x1080.png,818055.0,Plague,"{'downloads': 200000, 'downloads_rounded': 200, 'prefix': None, 'string': '200k', 'units': 'k'}","{'prefix': '$', 'revenue': 1000000, 'revenue_rounded': 1, 'string': '$1m', 'units': 'm'}",https://is3-ssl.mzstatic.com/image/thumb/Purple123/v4/78/f6/fc/78f6fcee-c39a-ef17-bd58-1792cd779b83/AppIcon-0-0-1x_U007emarketing-0-0-0-7-0-0-sRGB-0-0-0-GLES2_U002c0-512MB-85-220-0-0.png/150x150bb.png,https://is3-ssl.mzstatic.com/image/thumb/Purple123/v4/78/f6/fc/78f6fcee-c39a-ef17-bd58-1792cd779b83/AppIcon-0-0-1x_U007emarketing-0-0-0-7-0-0-sRGB-0-0-0-GLES2_U002c0-512MB-85-220-0-0.png/150x150bb.png,https://is3-ssl.mzstatic.com/image/thumb/Purple123/v4/78/f6/fc/78f6fcee-c39a-ef17-bd58-1792cd779b83/AppIcon-0-0-1x_U007emarketing-0-0-0-7-0-0-sRGB-0-0-0-GLES2_U002c0-512MB-85-220-0-0.png/150x150bb.png,525818839.0,,,1.0,Plague Inc.,ios,0.99,http://www.ndemiccreations.com/en/24-legal,,Great Britain,,525818842.0,Ndemic Creations,/ios/publisher/ndemic-creations/525818842,2.0,4.5,225586.0,12965.0,5.0,2012-05-26T00:54:37Z,,True,http://www.ndemiccreations.com,2019-12-17T00:00:00Z,https://apps.apple.com/US/app/id525818839?l=en,"['US', 'AU', 'CA', 'CN', 'FR', 'DE', 'GB', 'IT', 'JP', 'KR', 'RU', 'DZ', 'AO', 'AR', 'AT', 'AZ', 'BB', 'BY', 'BE', 'BM', 'BR', 'BG', 'CL', 'CO', 'CR', 'HR', 'CZ', 'DK', 'DO', 'EC', 'EG', 'SV', 'FI', 'GH', 'GR', 'GT', 'HK', 'HU', 'IN', 'ID', 'IE', 'IL', 'KZ', 'KE', 'KW', 'LB', 'LT', 'LU', 'MO', 'MG', 'MY', 'MX', 'NL', 'NZ', 'NG', 'NO', 'OM', 'PK', 'PA', 'PE', 'PH', 'PL', 'PT', 'QA', 'RO', 'SA', 'SG', 'SK', 'SI', 'ZA', 'ES', 'LK', 'SE', 'CH', 'TW', 'TH', 'TN', 'TR', 'UA', 'AE', 'UY', 'UZ', 'VE', 'VN']",1.17.3,
5,"['Infrequent/Mild Horror/Fear Themes', 'Infrequent/Mild Sexual Content and Nudity', 'Infrequent/Mild Realistic Violence', 'Infrequent/Mild Alcohol, Tobacco, or Drug Use or References', 'Infrequent/Mild Profanity or Crude Humor', 'Infrequent/Mild Cartoon or Fantasy Violence', 'Infrequent/Mild Simulated Gambling', 'Infrequent/Mild Medical/Treatment Information', 'Frequent/Intense Mature/Suggestive Themes']",544007664.0,544007664.0,/ios/us/google-llc/app/youtube-watch-listen-stream/544007664/,,,com.google.ios.youtube,True,US,"[6008, 6016]",17+,0.0,2020-02-17T00:00:00Z,https://itunes.apple.com/WebObjects/MZStore.woa/wa/viewEula?cc=vn&id=544007664,,44912650.0,YouTube: Watch,"{'downloads': 12000000, 'downloads_rounded': 12, 'prefix': None, 'string': '12m', 'units': 'm'}","{'prefix': '$', 'revenue': 46000000, 'revenue_rounded': 46, 'string': '$46m', 'units': 'm'}",https://is5-ssl.mzstatic.com/image/thumb/Purple123/v4/4b/53/63/4b53638a-3322-070b-ebb4-d8c710b1920e/AppIcon-0-0-1x_U007emarketing-0-0-0-7-0-0-sRGB-0-0-0-GLES2_U002c0-512MB-85-220-0-0.png/150x150bb.png,https://is5-ssl.mzstatic.com/image/thumb/Purple123/v4/4b/53/63/4b53638a-3322-070b-ebb4-d8c710b1920e/AppIcon-0-0-1x_U007emarketing-0-0-0-7-0-0-sRGB-0-0-0-GLES2_U002c0-512MB-85-220-0-0.png/150x150bb.png,https://is5-ssl.mzstatic.com/image/thumb/Purple123/v4/4b/53/63/4b53638a-3322-070b-ebb4-d8c710b1920e/AppIcon-0-0-1x_U007emarketing-0-0-0-7-0-0-sRGB-0-0-0-GLES2_U002c0-512MB-85-220-0-0.png/150x150bb.png,544007664.0,True,https://is2-ssl.mzstatic.com/image/thumb/Purple113/v4/d4/26/70/d4267027-2d56-a0e1-9e92-42dcc95b9895/contsched.vlmovhkj.png/768x1024bb.png,1.0,"YouTube: Watch, Listen, Stream",ios,0.0,http://www.google.com/policies/privacy,,US,,281956209.0,Google LLC,/ios/publisher/google-llc/281956209,2.0,4.5,12297398.0,168177.0,4.5,2012-09-11T07:23:19Z,,True,http://support.google.com/youtube,2020-02-10T00:00:00Z,https://apps.apple.com/US/app/id544007664?l=en,"['US', 'AU', 'CA', 'CN', 'FR', 'DE', 'GB', 'IT', 'JP', 'KR', 'RU', 'DZ', 'AO', 'AR', 'AT', 'AZ', 'BB', 'BY', 'BE', 'BM', 'BR', 'BG', 'CL', 'CO', 'CR', 'HR', 'CZ', 'DK', 'DO', 'EC', 'EG', 'SV', 'FI', 'GH', 'GR', 'GT', 'HK', 'HU', 'IN', 'ID', 'IE', 'IL', 'KZ', 'KE', 'KW', 'LB', 'LT', 'LU', 'MO', 'MG', 'MY', 'MX', 'NL', 'NZ', 'NG', 'NO', 'OM', 'PK', 'PA', 'PE', 'PH', 'PL', 'PT', 'QA', 'RO', 'SA', 'SG', 'SK', 'SI', 'ZA', 'ES', 'LK', 'SE', 'CH', 'TW', 'TH', 'TN', 'TR', 'UA', 'AE', 'UY', 'UZ', 'VE', 'VN']",15.06,https://www.youtube.com
6,"['Infrequent/Mild Horror/Fear Themes', 'Infrequent/Mild Sexual Content and Nudity', 'Frequent/Intense Simulated Gambling', 'Infrequent/Mild Realistic Violence', 'Infrequent/Mild Cartoon or Fantasy Violence', 'Infrequent/Mild Medical/Treatment Information', 'Infrequent/Mild Mature/Suggestive Themes', 'Infrequent/Mild Alcohol, Tobacco, or Drug Use or References']",1477636326.0,1477636326.0,/ios/us/8sec/app/trivia-io/1477636326/,,,com.eightsec.TriviaIO,,US,"[6014, 7003, 7018]",17+,1.0,2020-02-17T00:00:00Z,,,10314.0,Trivia.io,"{'downloads': 100000, 'downloads_rounded': 100, 'prefix': None, 'string': '100k', 'units': 'k'}","{'prefix': '< $', 'revenue': 1000, 'revenue_rounded': 5, 'string': '< $5k', 'units': 'k'}",https://is1-ssl.mzstatic.com/image/thumb/Purple124/v4/2e/5a/e1/2e5ae1d1-e793-b70f-1dbf-561771144901/AppIcon-0-0-1x_U007emarketing-0-0-0-7-0-85-220.png/150x150bb.png,https://is1-ssl.mzstatic.com/image/thumb/Purple124/v4/2e/5a/e1/2e5ae1d1-e793-b70f-1dbf-561771144901/AppIcon-0-0-1x_U007emarketing-0-0-0-7-0-85-220.png/150x150bb.png,https://is1-ssl.mzstatic.com/image/thumb/Purple124/v4/2e/5a/e1/2e5ae1d1-e793-b70f-1dbf-561771144901/AppIcon-0-0-1x_U007emarketing-0-0-0-7-0-85-220.png/150x150bb.png,1477636326.0,,,,Trivia.io,ios,0.0,http://8sec.games/privacy.html,,France,,1005047998.0,8SEC,/ios/publisher/8sec/1005047998,3.0,4.5,6736.0,4668.0,4.5,2019-09-05T23:48:07Z,,,http://8sec.games,2020-02-12T00:00:00Z,https://apps.apple.com/US/app/id1477636326?l=en,"['US', 'AU', 'CA', 'CN', 'FR', 'DE', 'GB', 'IT', 'JP', 'RU', 'DZ', 'AO', 'AR', 'AT', 'AZ', 'BB', 'BY', 'BE', 'BM', 'BR', 'BG', 'CL', 'CO', 'CR', 'HR', 'CZ', 'DK', 'DO', 'EC', 'EG', 'SV', 'FI', 'GH', 'GR', 'GT', 'HK', 'HU', 'IN', 'ID', 'IE', 'IL', 'KZ', 'KE', 'KW', 'LB', 'LT', 'LU', 'MO', 'MG', 'MY', 'MX', 'NL', 'NZ', 'NG', 'NO', 'OM', 'PK', 'PA', 'PE', 'PH', 'PL', 'PT', 'QA', 'RO', 'SA', 'SG', 'SK', 'SI', 'ZA', 'ES', 'LK', 'SE', 'CH', 'TW', 'TH', 'TN', 'TR', 'UA', 'AE', 'UY', 'UZ', 'VE', 'VN']",9.1.1,http://8sec.games
7,[],373311252.0,373311252.0,/ios/us/adva-soft-gmbh/app/touchretouch/373311252/,,,com.advasoft.touchretouch,,US,"[6008, 6002]",4+,0.0,2020-02-17T00:00:00Z,,,48350.0,TouchRetouch,"{'downloads': 100000, 'downloads_rounded': 100, 'prefix': None, 'string': '100k', 'units': 'k'}","{'prefix': '$', 'revenue': 900000, 'revenue_rounded': 900, 'string': '$900k', 'units': 'k'}",https://is1-ssl.mzstatic.com/image/thumb/Purple123/v4/a3/ff/ea/a3ffea40-6941-2b20-2d8c-9359c430c7c3/AppIcon-0-0-1x_U007emarketing-0-0-0-10-0-0-sRGB-0-0-0-GLES2_U002c0-512MB-85-220-0-0.png/150x150bb.png,https://is1-ssl.mzstatic.com/image/thumb/Purple123/v4/a3/ff/ea/a3ffea40-6941-2b20-2d8c-9359c430c7c3/AppIcon-0-0-1x_U007emarketing-0-0-0-10-0-0-sRGB-0-0-0-GLES2_U002c0-512MB-85-220-0-0.png/150x150bb.png,https://is1-ssl.mzstatic.com/image/thumb/Purple123/v4/a3/ff/ea/a3ffea40-6941-2b20-2d8c-9359c430c7c3/AppIcon-0-0-1x_U007emarketing-0-0-0-10-0-0-sRGB-0-0-0-GLES2_U002c0-512MB-85-220-0-0.png/150x150bb.png,373311252.0,,,,TouchRetouch,ios,1.99,https://adva-soft.com/privacy-policy.html,,Germany,,598565208.0,ADVA Soft GmbH,/ios/publisher/adva-soft-gmbh/598565208,3.0,4.5,11738.0,51.0,4.5,2010-06-08T23:56:13Z,,True,https://adva-soft.com/support.html,2020-02-19T00:00:00Z,https://apps.apple.com/US/app/id373311252?l=en,"['US', 'AU', 'CA', 'CN', 'FR', 'DE', 'GB', 'IT', 'JP', 'KR', 'RU', 'DZ', 'AO', 'AR', 'AT', 'AZ', 'BB', 'BY', 'BE', 'BM', 'BR', 'BG', 'CL', 'CO', 'CR', 'HR', 'CZ', 'DK', 'DO', 'EC', 'EG', 'SV', 'FI', 'GH', 'GR', 'GT', 'HK', 'HU', 'IN', 'ID', 'IE', 'IL', 'KZ', 'KE', 'KW', 'LB', 'LT', 'LU', 'MO', 'MG', 'MY', 'MX', 'NL', 'NZ', 'NG', 'NO', 'OM', 'PK', 'PA', 'PE', 'PH', 'PL', 'PT', 'QA', 'RO', 'SA', 'SG', 'SK', 'SI', 'ZA', 'ES', 'LK', 'SE', 'CH', 'TW', 'TH', 'TN', 'TR', 'UA', 'AE', 'UY', 'UZ', 'VE', 'VN']",4.4.6,https://adva-soft.com/app-pageTouch.html
8,"['Infrequent/Mild Profanity or Crude Humor', 'Frequent/Intense Mature/Suggestive Themes', 'Infrequent/Mild Sexual Content and Nudity']",547702041.0,547702041.0,/ios/us/tinder-inc/app/tinder/547702041/,,,com.cardify.tinder,True,US,"[6012, 6005]",17+,0.0,2020-02-17T00:00:00Z,,https://is5-ssl.mzstatic.com/image/thumb/Features128/v4/81/73/99/8173991a-23cf-a35b-ccf3-999c070f0ae7/source/4320x1080.png,2951732.0,Tinder,"{'downloads': 3000000, 'downloads_rounded': 3, 'prefix': None, 'string': '3m', 'units': 'm'}","{'prefix': '$', 'revenue': 46000000, 'revenue_rounded': 46, 'string': '$46m', 'units': 'm'}",https://is2-ssl.mzstatic.com/image/thumb/Purple114/v4/5d/ec/8f/5dec8fbc-384f-bef2-6329-033bcb589de0/AppIcon-0-1x_U007emarketing-0-0-GLES2_U002c0-512MB-sRGB-0-0-0-85-220-0-0-0-7.png/150x150bb.png,https://is2-ssl.mzstatic.com/image/thumb/Purple114/v4/5d/ec/8f/5dec8fbc-384f-bef2-6329-033bcb589de0/AppIcon-0-1x_U007emarketing-0-0-GLES2_U002c0-512MB-sRGB-0-0-0-85-220-0-0-0-7.png/150x150bb.png,https://is2-ssl.mzstatic.com/image/thumb/Purple114/v4/5d/ec/8f/5dec8fbc-384f-bef2-6329-033bcb589de0/AppIcon-0-1x_U007emarketing-0-0-GLES2_U002c0-512MB-sRGB-0-0-0-85-220-0-0-0-7.png/150x150bb.png,547702041.0,,,True,Tinder,ios,0.0,http://www.gotinder.com/terms/,,US,,725634363.0,Tinder Inc.,/ios/publisher/tinder-inc/725634363,3.0,4.0,933354.0,419.0,2.5,2012-08-03T01:43:39Z,,True,http://www.gotinder.com/contact/,2020-02-13T00:00:00Z,https://apps.apple.com/US/app/id547702041?l=en,"['US', 'AU', 'CA', 'CN', 'FR', 'DE', 'GB', 'IT', 'JP', 'KR', 'RU', 'DZ', 'AO', 'AR', 'AT', 'AZ', 'BB', 'BY', 'BE', 'BM', 'BR', 'BG', 'CL', 'CO', 'CR', 'HR', 'CZ', 'DK', 'DO', 'EC', 'EG', 'SV', 'FI', 'GH', 'GR', 'GT', 'HK', 'HU', 'IN', 'ID', 'IE', 'IL', 'KZ', 'KE', 'KW', 'LB', 'LT', 'LU', 'MO', 'MG', 'MY', 'MX', 'NL', 'NZ', 'NG', 'NO', 'OM', 'PK', 'PA', 'PE', 'PH', 'PL', 'PT', 'QA', 'RO', 'SA', 'SG', 'SK', 'SI', 'ZA', 'ES', 'LK', 'SE', 'CH', 'TW', 'TH', 'TN', 'TR', 'UA', 'AE', 'UY', 'UZ', 'VE', 'VN']",11.9.0,http://www.gotinder.com/
9,"['Infrequent/Mild Mature/Suggestive Themes', 'Infrequent/Mild Horror/Fear Themes', 'Infrequent/Mild Cartoon or Fantasy Violence', 'Infrequent/Mild Sexual Content and Nudity', 'Infrequent/Mild Medical/Treatment Information', 'Infrequent/Mild Profanity or Crude Humor', 'Infrequent/Mild Realistic Violence']",1487968838.0,1487968838.0,/ios/us/crazy-labs/app/dentist-bling/1487968838/,,,com.funnyigames.thedentist,,US,"[6014, 7015, 6016, 7014]",12+,-1.0,2020-02-17T00:00:00Z,https://itunes.apple.com/WebObjects/MZStore.woa/wa/viewEula?cc=vn&id=1487968838,,48388.0,Dentist Bling,"{'downloads': 40000, 'downloads_rounded': 40, 'prefix': None, 'string': '40k', 'units': 'k'}","{'prefix': '< $', 'revenue': 1000, 'revenue_rounded': 5, 'string': '< $5k', 'units': 'k'}",https://is2-ssl.mzstatic.com/image/thumb/Purple123/v4/ec/2f/a9/ec2fa942-88e2-078b-e595-9cb02f2a442e/AppIcon-0-0-1x_U007emarketing-0-0-0-7-0-85-220.png/150x150bb.png,https://is2-ssl.mzstatic.com/image/thumb/Purple123/v4/ec/2f/a9/ec2fa942-88e2-078b-e595-9cb02f2a442e/AppIcon-0-0-1x_U007emarketing-0-0-0-7-0-85-220.png/150x150bb.png,https://is2-ssl.mzstatic.com/image/thumb/Purple123/v4/ec/2f/a9/ec2fa942-88e2-078b-e595-9cb02f2a442e/AppIcon-0-0-1x_U007emarketing-0-0-0-7-0-85-220.png/150x150bb.png,1487968838.0,,,True,Dentist Bling,ios,0.0,https://crazylabs.com/privacy-policy/,,Israel,,721307559.0,Crazy Labs,/ios/publisher/crazy-labs/721307559,4.0,4.5,36316.0,35996.0,4.5,2019-12-16T08:38:26Z,,,https://www.crazylabs.com/contact/,2020-02-09T00:00:00Z,https://apps.apple.com/US/app/id1487968838?l=en,"['US', 'AU', 'CA', 'CN', 'FR', 'DE', 'GB', 'IT', 'JP', 'KR', 'RU', 'DZ', 'AO', 'AR', 'AT', 'AZ', 'BB', 'BY', 'BE', 'BM', 'BR', 'BG', 'CL', 'CO', 'CR', 'HR', 'CZ', 'DK', 'DO', 'EC', 'EG', 'SV', 'FI', 'GH', 'GR', 'GT', 'HK', 'HU', 'IN', 'ID', 'IE', 'IL', 'KZ', 'KE', 'KW', 'LB', 'LT', 'LU', 'MO', 'MG', 'MY', 'MX', 'NL', 'NZ', 'NG', 'NO', 'OM', 'PK', 'PA', 'PE', 'PH', 'PL', 'PT', 'QA', 'RO', 'SA', 'SG', 'SK', 'SI', 'ZA', 'ES', 'LK', 'SE', 'CH', 'TW', 'TH', 'TN', 'TR', 'UA', 'AE', 'UY', 'UZ', 'VE', 'VN']",0.1.2,https://www.crazylabs.com/
10,['Infrequent/Mild Cartoon or Fantasy Violence'],1118115766.0,1118115766.0,/ios/us/ninja-kiwi/app/bloons-td-6/1118115766/,,,com.ninjakiwi.bloonstd6,,US,"[6014, 7017, 7001, 6016]",9+,1.0,2020-02-17T00:00:00Z,,,130231.0,Bloons TD 6,"{'downloads': 70000, 'downloads_rounded': 70, 'prefix': None, 'string': '70k', 'units': 'k'}","{'prefix': '$', 'revenue': 2000000, 'revenue_rounded': 2, 'string': '$2m', 'units': 'm'}",https://is4-ssl.mzstatic.com/image/thumb/Purple113/v4/b6/cd/f4/b6cdf43f-85e9-0bd3-96c9-d265cbe143d1/AppIcon-0-0-1x_U007emarketing-0-0-0-7-0-0-sRGB-0-0-0-GLES2_U002c0-512MB-85-220-0-0.png/150x150bb.png,https://is4-ssl.mzstatic.com/image/thumb/Purple113/v4/b6/cd/f4/b6cdf43f-85e9-0bd3-96c9-d265cbe143d1/AppIcon-0-0-1x_U007emarketing-0-0-0-7-0-0-sRGB-0-0-0-GLES2_U002c0-512MB-85-220-0-0.png/150x150bb.png,https://is4-ssl.mzstatic.com/image/thumb/Purple113/v4/b6/cd/f4/b6cdf43f-85e9-0bd3-96c9-d265cbe143d1/AppIcon-0-0-1x_U007emarketing-0-0-0-7-0-0-sRGB-0-0-0-GLES2_U002c0-512MB-85-220-0-0.png/150x150bb.png,1118115766.0,True,https://is4-ssl.mzstatic.com/image/thumb/Purple113/v4/2a/9c/6c/2a9c6c18-436e-cc17-56c2-ee2c11c687ad/iMessage_App_Icon-0-0-1x_U007emarketing-0-0-0-0-0-3-sRGB-0-0-0-GLES2_U002c0-512MB-85-181-0-0.png/768x1024bb.png,True,Bloons TD 6,ios,4.99,https://ninjakiwi.com/privacy_policy,,New Zealand,,386241773.0,Ninja Kiwi,/ios/publisher/ninja-kiwi/386241773,4.0,5.0,81945.0,2195.0,5.0,2018-06-12T00:00:00Z,,True,https://support.ninjakiwi.com,2020-02-09T00:00:00Z,https://apps.apple.com/US/app/id1118115766?l=en,"['US', 'AU', 'CA', 'CN', 'FR', 'DE', 'GB', 'IT', 'JP', 'KR', 'RU', 'DZ', 'AO', 'AR', 'AT', 'AZ', 'BB', 'BY', 'BE', 'BM', 'BR', 'BG', 'CL', 'CO', 'CR', 'HR', 'CZ', 'DK', 'DO', 'EC', 'EG', 'SV', 'FI', 'GH', 'GR', 'GT', 'HK', 'HU', 'IN', 'ID', 'IE', 'IL', 'KZ', 'KE', 'KW', 'LB', 'LT', 'LU', 'MO', 'MG', 'MY', 'MX', 'NL', 'NZ', 'NG', 'NO', 'OM', 'PK', 'PA', 'PE', 'PH', 'PL', 'PT', 'QA', 'RO', 'SA', 'SG', 'SK', 'SI', 'ZA', 'ES', 'LK', 'SE', 'CH', 'TW', 'TH', 'TN', 'TR', 'UA', 'AE', 'UY', 'UZ', 'VE', 'VN']",15.2,https://m.ninjakiwi.com/
11,"['Infrequent/Mild Mature/Suggestive Themes', 'Infrequent/Mild Profanity or Crude Humor', 'Infrequent/Mild Alcohol, Tobacco, or Drug Use or References', 'Infrequent/Mild Sexual Content and Nudity']",284035177.0,284035177.0,/ios/us/pandora-media-inc/app/pandora-music-podcasts/284035177/,True,https://is2-ssl.mzstatic.com/image/thumb/Purple123/v4/a4/a7/9b/a4a79b8b-182f-3228-b1a4-167b25aa21f3/AppIcon-0-0-1x_U007emarketing-0-0-0-9-0-0-sRGB-0-0-0-GLES2_U002c0-512MB-85-220-0-0.png/150x150bb.png,com.pandora,True,US,[6011],12+,0.0,2020-02-17T00:00:00Z,,https://is1-ssl.mzstatic.com/image/thumb/Features117/v4/e8/20/47/e82047ec-8509-45c7-a90a-729b19df5248/source/4320x1080.png,7540729.0,Pandora: Music,"{'downloads': 900000, 'downloads_rounded': 900, 'prefix': None, 'string': '900k', 'units': 'k'}","{'prefix': '$', 'revenue': 12000000, 'revenue_rounded': 12, 'string': '$12m', 'units': 'm'}",https://is2-ssl.mzstatic.com/image/thumb/Purple123/v4/67/45/6f/67456ff0-012b-15f1-ce9e-c4c0c6c23147/AppIcon-0-0-1x_U007emarketing-0-0-0-7-0-0-sRGB-0-0-0-GLES2_U002c0-512MB-85-220-0-0.png/150x150bb.png,https://is2-ssl.mzstatic.com/image/thumb/Purple123/v4/67/45/6f/67456ff0-012b-15f1-ce9e-c4c0c6c23147/AppIcon-0-0-1x_U007emarketing-0-0-0-7-0-0-sRGB-0-0-0-GLES2_U002c0-512MB-85-220-0-0.png/150x150bb.png,https://is2-ssl.mzstatic.com/image/thumb/Purple123/v4/67/45/6f/67456ff0-012b-15f1-ce9e-c4c0c6c23147/AppIcon-0-0-1x_U007emarketing-0-0-0-7-0-0-sRGB-0-0-0-GLES2_U002c0-512MB-85-220-0-0.png/150x150bb.png,284035177.0,True,https://is3-ssl.mzstatic.com/image/thumb/Purple113/v4/2b/e9/a4/2be9a44d-3e22-e953-b81c-fce2c3fa4079/iMessage_App_Icon-0-0-1x_U007emarketing-0-0-0-0-0-0-sRGB-0-0-0-GLES2_U002c0-512MB-85-181-0-0.png/768x1024bb.png,True,Pandora: Music & Podcasts,ios,0.0,http://www.pandora.com/privacy,,US,,284035180.0,"Pandora Media, Inc.",/ios/publisher/pandora-media-inc/284035180,4.0,4.5,7531420.0,25072.0,5.0,2008-07-11T07:00:00Z,,True,http://help.pandora.com/,2020-02-13T00:00:00Z,https://apps.apple.com/US/app/id284035177?l=en,['US'],2002.1,http://www.pandora.com/
12,['Unrestricted Web Access'],414113282.0,414113282.0,/ios/us/internal-revenue-service/app/irs2go/414113282/,,,gov.irs.IRS2Go,,US,[6015],17+,0.0,2020-02-17T00:00:00Z,,,2395.0,IRS2Go,"{'downloads': 200000, 'downloads_rounded': 200, 'prefix': None, 'string': '200k', 'units': 'k'}","{'prefix': '< $', 'revenue': 1000, 'revenue_rounded': 5, 'string': '< $5k', 'units': 'k'}",https://is1-ssl.mzstatic.com/image/thumb/Purple113/v4/83/3f/83/833f8351-549a-f86e-49da-faf239b0d777/AppIcon-0-0-1x_U007emarketing-0-0-0-6-0-0-sRGB-0-0-0-GLES2_U002c0-512MB-85-220-0-0.png/150x150bb.png,https://is1-ssl.mzstatic.com/image/thumb/Purple113/v4/83/3f/83/833f8351-549a-f86e-49da-faf239b0d777/AppIcon-0-0-1x_U007emarketing-0-0-0-6-0-0-sRGB-0-0-0-GLES2_U002c0-512MB-85-220-0-0.png/150x150bb.png,https://is1-ssl.mzstatic.com/image/thumb/Purple113/v4/83/3f/83/833f8351-549a-f86e-49da-faf239b0d777/AppIcon-0-0-1x_U007emarketing-0-0-0-6-0-0-sRGB-0-0-0-GLES2_U002c0-512MB-85-220-0-0.png/150x150bb.png,414113282.0,,,,IRS2Go,ios,0.0,https://www.irs.gov/privacy-disclosure/irs-privacy-policy,,,,414113285.0,Internal Revenue Service,/ios/publisher/internal-revenue-service/414113285,5.0,3.0,2395.0,254.0,3.0,2011-01-20T21:08:53Z,,,https://www.irs.gov/refunds,2019-12-15T00:00:00Z,https://apps.apple.com/US/app/id414113282?l=en,"['US', 'AU', 'CA', 'CN', 'FR', 'DE', 'GB', 'IT', 'JP', 'KR', 'RU', 'DZ', 'AO', 'AR', 'AT', 'AZ', 'BB', 'BY', 'BE', 'BM', 'BR', 'BG', 'CL', 'CO', 'CR', 'HR', 'CZ', 'DK', 'DO', 'EC', 'EG', 'SV', 'FI', 'GH', 'GR', 'GT', 'HK', 'HU', 'IN', 'ID', 'IE', 'IL', 'KZ', 'KE', 'KW', 'LB', 'LT', 'LU', 'MO', 'MG', 'MY', 'MX', 'NL', 'NZ', 'NG', 'NO', 'OM', 'PK', 'PA', 'PE', 'PH', 'PL', 'PT', 'QA', 'RO', 'SA', 'SG', 'SK', 'SI', 'ZA', 'ES', 'LK', 'SE', 'CH', 'TW', 'TH', 'TN', 'TR', 'UA', 'AE', 'UY', 'UZ', 'VE', 'VN']",5.4.5,https://www.irs.gov/irs2go
13,"['Infrequent/Mild Profanity or Crude Humor', 'Infrequent/Mild Alcohol, Tobacco, or Drug Use or References', 'Infrequent/Mild Mature/Suggestive Themes']",623592465.0,623592465.0,/ios/us/warner-bros/app/heads-up/623592465/,,,com.wb.Ellen.HeadsUp,True,US,"[6014, 6016, 7019, 7005]",12+,-1.0,2020-02-17T00:00:00Z,,https://is4-ssl.mzstatic.com/image/thumb/Features127/v4/fb/4f/0f/fb4f0f84-ce49-6b70-7d5d-9d9556fd82e5/source/4320x1080.png,124044.0,Heads Up!,"{'downloads': 60000, 'downloads_rounded': 60, 'prefix': None, 'string': '60k', 'units': 'k'}","{'prefix': '$', 'revenue': 400000, 'revenue_rounded': 400, 'string': '$400k', 'units': 'k'}",https://is5-ssl.mzstatic.com/image/thumb/Purple113/v4/9a/b2/88/9ab28861-3287-4af7-6419-317aa6a6979c/AppIcon-0-0-1x_U007emarketing-0-0-0-7-85-220.png/150x150bb.png,https://is5-ssl.mzstatic.com/image/thumb/Purple113/v4/9a/b2/88/9ab28861-3287-4af7-6419-317aa6a6979c/AppIcon-0-0-1x_U007emarketing-0-0-0-7-85-220.png/150x150bb.png,https://is5-ssl.mzstatic.com/image/thumb/Purple113/v4/9a/b2/88/9ab28861-3287-4af7-6419-317aa6a6979c/AppIcon-0-0-1x_U007emarketing-0-0-0-7-85-220.png/150x150bb.png,623592465.0,,,True,Heads Up!,ios,0.99,http://www.warnerbros.com/privacy/policy.html,,US,,298372283.0,Warner Bros.,/ios/publisher/warner-bros/298372283,5.0,5.0,90056.0,329.0,5.0,2013-05-02T07:00:00Z,,True,http://www.ellentube.com/article/apps-and-games.html,2020-01-28T00:00:00Z,https://apps.apple.com/US/app/id623592465?l=en,"['US', 'AU', 'CA', 'CN', 'FR', 'DE', 'GB', 'IT', 'JP', 'KR', 'RU', 'DZ', 'AO', 'AR', 'AT', 'AZ', 'BB', 'BY', 'BE', 'BM', 'BR', 'BG', 'CL', 'CO', 'CR', 'HR', 'CZ', 'DK', 'DO', 'EC', 'EG', 'SV', 'FI', 'GH', 'GR', 'GT', 'HK', 'HU', 'IN', 'ID', 'IE', 'IL', 'KZ', 'KE', 'KW', 'LB', 'LT', 'LU', 'MO', 'MG', 'MY', 'MX', 'NL', 'NZ', 'NG', 'NO', 'OM', 'PK', 'PA', 'PE', 'PH', 'PL', 'PT', 'QA', 'RO', 'SA', 'SG', 'SK', 'SI', 'ZA', 'ES', 'LK', 'SE', 'CH', 'TW', 'TH', 'TN', 'TR', 'UA', 'AE', 'UY', 'UZ', 'VE', 'VN']",4.1.78,http://www.ellentube.com/article/apps-and-games.html
14,[],553834731.0,553834731.0,/ios/us/king/app/candy-crush-saga/553834731/,,,com.midasplayer.apps.candycrushsaga,True,US,"[6014, 6016, 7012, 7003]",4+,1.0,2020-02-17T00:00:00Z,https://itunes.apple.com/WebObjects/MZStore.woa/wa/viewEula?cc=vn&id=553834731,https://is5-ssl.mzstatic.com/image/thumb/Features127/v4/3b/e3/a9/3be3a9e3-8f6f-1460-3e0f-28b5aafa61cb/source/4320x1080.png,6380097.0,Candy Crush Saga,"{'downloads': 2000000, 'downloads_rounded': 2, 'prefix': None, 'string': '2m', 'units': 'm'}","{'prefix': '$', 'revenue': 34000000, 'revenue_rounded': 34, 'string': '$34m', 'units': 'm'}",https://is5-ssl.mzstatic.com/image/thumb/Purple123/v4/48/5c/8f/485c8f21-2a9a-a45f-84fb-15d0fe05a326/AppIcon-0-0-1x_U007emarketing-0-0-0-7-0-85-220.png/150x150bb.png,https://is5-ssl.mzstatic.com/image/thumb/Purple123/v4/48/5c/8f/485c8f21-2a9a-a45f-84fb-15d0fe05a326/AppIcon-0-0-1x_U007emarketing-0-0-0-7-0-85-220.png/150x150bb.png,https://is5-ssl.mzstatic.com/image/thumb/Purple123/v4/48/5c/8f/485c8f21-2a9a-a45f-84fb-15d0fe05a326/AppIcon-0-0-1x_U007emarketing-0-0-0-7-0-85-220.png/150x150bb.png,553834731.0,,,True,Candy Crush Saga,ios,0.0,https://king.com/privacyPolicy,,Great Britain,,526656015.0,King,/ios/publisher/king/526656015,5.0,4.5,2264218.0,10605.0,4.5,2012-11-14T14:41:32Z,,True,http://candycrushsaga.com/help/,2020-02-13T00:00:00Z,https://apps.apple.com/US/app/id553834731?l=en,"['US', 'AU', 'CA', 'FR', 'DE', 'GB', 'IT', 'JP', 'KR', 'RU', 'DZ', 'AO', 'AR', 'AT', 'AZ', 'BB', 'BY', 'BE', 'BM', 'BR', 'BG', 'CL', 'CO', 'CR', 'HR', 'CZ', 'DK', 'DO', 'EC', 'EG', 'SV', 'FI', 'GH', 'GR', 'GT', 'HK', 'HU', 'IN', 'ID', 'IE', 'IL', 'KZ', 'KE', 'KW', 'LB', 'LT', 'LU', 'MO', 'MG', 'MY', 'MX', 'NL', 'NZ', 'NG', 'NO', 'OM', 'PK', 'PA', 'PE', 'PH', 'PL', 'PT', 'QA', 'RO', 'SA', 'SG', 'SK', 'SI', 'ZA', 'ES', 'LK', 'SE', 'CH', 'TW', 'TH', 'TN', 'TR', 'UA', 'AE', 'UY', 'UZ', 'VE', 'VN']",1.170.0.2,http://candycrushsaga.com/
15,[],1486214495.0,1486214495.0,/ios/us/unico-studio-llc/app/brain-test-tricky-puzzles/1486214495/,,,com.unicostudio.braintest,,US,"[6014, 7009, 7018]",4+,3.0,2020-02-17T00:00:00Z,,,262815.0,Brain Test: Tricky Puzzles,"{'downloads': 3000000, 'downloads_rounded': 3, 'prefix': None, 'string': '3m', 'units': 'm'}","{'prefix': '$', 'revenue': 70000, 'revenue_rounded': 70, 'string': '$70k', 'units': 'k'}",https://is2-ssl.mzstatic.com/image/thumb/Purple123/v4/b1/4f/59/b14f592c-4f1a-e729-005f-8415dc283f55/AppIcon-0-0-1x_U007emarketing-0-0-0-7-0-85-220.png/150x150bb.png,https://is2-ssl.mzstatic.com/image/thumb/Purple123/v4/b1/4f/59/b14f592c-4f1a-e729-005f-8415dc283f55/AppIcon-0-0-1x_U007emarketing-0-0-0-7-0-85-220.png/150x150bb.png,https://is2-ssl.mzstatic.com/image/thumb/Purple123/v4/b1/4f/59/b14f592c-4f1a-e729-005f-8415dc283f55/AppIcon-0-0-1x_U007emarketing-0-0-0-7-0-85-220.png/150x150bb.png,1486214495.0,,,True,Brain Test: Tricky Puzzles,ios,0.0,https://unicostudio.co/privacy.html,,,,1467451326.0,Unico Studio LLC,/ios/publisher/unico-studio-llc/1467451326,6.0,5.0,123556.0,39720.0,5.0,2019-11-12T18:41:43Z,,,https://unicostudio.co/,2020-02-05T00:00:00Z,https://apps.apple.com/US/app/id1486214495?l=en,"['US', 'AU', 'CA', 'CN', 'FR', 'DE', 'GB', 'IT', 'JP', 'KR', 'RU', 'DZ', 'AO', 'AR', 'AT', 'AZ', 'BB', 'BY', 'BE', 'BM', 'BR', 'BG', 'CL', 'CO', 'CR', 'HR', 'CZ', 'DK', 'DO', 'EC', 'EG', 'SV', 'FI', 'GH', 'GR', 'GT', 'HK', 'HU', 'IN', 'ID', 'IE', 'IL', 'KZ', 'KE', 'KW', 'LB', 'LT', 'LU', 'MO', 'MG', 'MY', 'MX', 'NL', 'NZ', 'NG', 'NO', 'OM', 'PK', 'PA', 'PE', 'PH', 'PL', 'PT', 'QA', 'RO', 'SA', 'SG', 'SK', 'SI', 'ZA', 'ES', 'LK', 'SE', 'CH', 'TW', 'TH', 'TN', 'TR', 'UA', 'AE', 'UY', 'UZ', 'VE', 'VN']",2.3,https://unicostudio.co/
16,[],916366645.0,916366645.0,/ios/us/savage-interactive-pty-ltd/app/procreate-pocket/916366645/,,,au.com.savageinteractive.procreate-pocket,,US,"[6016, 6007]",4+,0.0,2020-02-17T00:00:00Z,,https://is2-ssl.mzstatic.com/image/thumb/Features128/v4/03/97/7c/03977caf-7dc5-e0c8-0a28-e8c6cb2c4032/source/4320x1080.png,7423.0,Procreate Pocket,"{'downloads': 70000, 'downloads_rounded': 70, 'prefix': None, 'string': '70k', 'units': 'k'}","{'prefix': '$', 'revenue': 700000, 'revenue_rounded': 700, 'string': '$700k', 'units': 'k'}",https://is3-ssl.mzstatic.com/image/thumb/Purple113/v4/5d/2a/b8/5d2ab8c6-722e-b68d-1d8e-fac1dbbb85e4/AppIcon-0-0-1x_U007emarketing-0-0-0-5-0-0-sRGB-0-0-0-GLES2_U002c0-512MB-85-220-0-0.png/150x150bb.png,https://is3-ssl.mzstatic.com/image/thumb/Purple113/v4/5d/2a/b8/5d2ab8c6-722e-b68d-1d8e-fac1dbbb85e4/AppIcon-0-0-1x_U007emarketing-0-0-0-5-0-0-sRGB-0-0-0-GLES2_U002c0-512MB-85-220-0-0.png/150x150bb.png,https://is3-ssl.mzstatic.com/image/thumb/Purple113/v4/5d/2a/b8/5d2ab8c6-722e-b68d-1d8e-fac1dbbb85e4/AppIcon-0-0-1x_U007emarketing-0-0-0-5-0-0-sRGB-0-0-0-GLES2_U002c0-512MB-85-220-0-0.png/150x150bb.png,916366645.0,,,,Procreate Pocket,ios,4.99,https://procreate.art/privacy-policy/,,,,363433636.0,Savage Interactive Pty Ltd,/ios/publisher/savage-interactive-pty-ltd/363433636,6.0,4.0,3210.0,1349.0,4.0,2014-12-17T22:48:10Z,,True,https://procreate.art/support,2019-10-18T00:00:00Z,https://apps.apple.com/US/app/id916366645?l=en,"['US', 'AU', 'CA', 'CN', 'FR', 'DE', 'GB', 'IT', 'JP', 'KR', 'RU', 'DZ', 'AO', 'AR', 'AT', 'AZ', 'BB', 'BY', 'BE', 'BM', 'BR', 'BG', 'CL', 'CO', 'CR', 'HR', 'CZ', 'DK', 'DO', 'EC', 'EG', 'SV', 'FI', 'GH', 'GR', 'GT', 'HK', 'HU', 'IN', 'ID', 'IE', 'IL', 'KZ', 'KE', 'KW', 'LB', 'LT', 'LU', 'MO', 'MG', 'MY', 'MX', 'NL', 'NZ', 'NG', 'NO', 'OM', 'PK', 'PA', 'PE', 'PH', 'PL', 'PT', 'QA', 'RO', 'SA', 'SG', 'SK', 'SI', 'ZA', 'ES', 'LK', 'SE', 'CH', 'TW', 'TH', 'TN', 'TR', 'UA', 'AE', 'UY', 'UZ', 'VE', 'VN']",3.0.5,https://procreate.art/pocket
17,"['Infrequent/Mild Cartoon or Fantasy Violence', 'Infrequent/Mild Sexual Content and Nudity', 'Infrequent/Mild Horror/Fear Themes', 'Infrequent/Mild Realistic Violence', 'Infrequent/Mild Profanity or Crude Humor', 'Infrequent/Mild Mature/Suggestive Themes', 'Infrequent/Mild Alcohol, Tobacco, or Drug Use or References']",363590051.0,363590051.0,/ios/us/netflix-inc/app/netflix/363590051/,,,com.netflix.Netflix,True,US,"[6016, 6012]",12+,-1.0,2020-02-17T00:00:00Z,,https://is3-ssl.mzstatic.com/image/thumb/Features114/v4/56/2c/3d/562c3d9b-e501-99c3-772e-e2f99c206bdf/source/4320x1080.png,971425.0,Netflix,"{'downloads': 9000000, 'downloads_rounded': 9, 'prefix': None, 'string': '9m', 'units': 'm'}","{'prefix': '$', 'revenue': 36000000, 'revenue_rounded': 36, 'string': '$36m', 'units': 'm'}",https://is2-ssl.mzstatic.com/image/thumb/Purple113/v4/1b/3f/18/1b3f18e2-4827-5e5b-fe18-65d7416fc7c6/AppIcon-0-0-1x_U007emarketing-0-0-0-10-0-0-sRGB-0-0-0-GLES2_U002c0-512MB-85-220-0-0.png/150x150bb.png,https://is2-ssl.mzstatic.com/image/thumb/Purple113/v4/1b/3f/18/1b3f18e2-4827-5e5b-fe18-65d7416fc7c6/AppIcon-0-0-1x_U007emarketing-0-0-0-10-0-0-sRGB-0-0-0-GLES2_U002c0-512MB-85-220-0-0.png/150x150bb.png,https://is2-ssl.mzstatic.com/image/thumb/Purple113/v4/1b/3f/18/1b3f18e2-4827-5e5b-fe18-65d7416fc7c6/AppIcon-0-0-1x_U007emarketing-0-0-0-10-0-0-sRGB-0-0-0-GLES2_U002c0-512MB-85-220-0-0.png/150x150bb.png,363590051.0,,,True,Netflix,ios,0.0,https://netflix.com/privacy,,US,,363590054.0,"Netflix, Inc.",/ios/publisher/netflix-inc/363590054,6.0,3.5,482261.0,33.0,4.0,2010-04-01T20:41:34Z,,True,http://www.netflix.com/contactus,2020-02-19T00:00:00Z,https://apps.apple.com/US/app/id363590051?l=en,"['US', 'AU', 'CA', 'FR', 'DE', 'GB', 'IT', 'JP', 'KR', 'RU', 'DZ', 'AO', 'AR', 'AT', 'AZ', 'BB', 'BY', 'BE', 'BM', 'BR', 'BG', 'CL', 'CO', 'CR', 'HR', 'CZ', 'DK', 'DO', 'EC', 'EG', 'SV', 'FI', 'GH', 'GR', 'GT', 'HK', 'HU', 'IN', 'ID', 'IE', 'IL', 'KZ', 'KE', 'KW', 'LB', 'LT', 'LU', 'MO', 'MG', 'MY', 'MX', 'NL', 'NZ', 'NG', 'NO', 'OM', 'PK', 'PA', 'PE', 'PH', 'PL', 'PT', 'QA', 'RO', 'SA', 'SG', 'SK', 'SI', 'ZA', 'ES', 'LK', 'SE', 'CH', 'TW', 'TH', 'TN', 'TR', 'UA', 'AE', 'UY', 'UZ', 'VE', 'VN']",12.19.2,http://www.netflix.com
18,"['Infrequent/Mild Horror/Fear Themes', 'Infrequent/Mild Sexual Content and Nudity', 'Infrequent/Mild Realistic Violence', 'Infrequent/Mild Alcohol, Tobacco, or Drug Use or References', 'Infrequent/Mild Profanity or Crude Humor', 'Infrequent/Mild Cartoon or Fantasy Violence', 'Infrequent/Mild Simulated Gambling', 'Infrequent/Mild Medical/Treatment Information', 'Frequent/Intense Mature/Suggestive Themes']",544007664.0,544007664.0,/ios/us/google-llc/app/youtube-watch-listen-stream/544007664/,,,com.google.ios.youtube,True,US,"[6008, 6016]",17+,3.0,2020-02-17T00:00:00Z,https://itunes.apple.com/WebObjects/MZStore.woa/wa/viewEula?cc=vn&id=544007664,,44912650.0,YouTube: Watch,"{'downloads': 12000000, 'downloads_rounded': 12, 'prefix': None, 'string': '12m', 'units': 'm'}","{'prefix': '$', 'revenue': 46000000, 'revenue_rounded': 46, 'string': '$46m', 'units': 'm'}",https://is5-ssl.mzstatic.com/image/thumb/Purple123/v4/4b/53/63/4b53638a-3322-070b-ebb4-d8c710b1920e/AppIcon-0-0-1x_U007emarketing-0-0-0-7-0-0-sRGB-0-0-0-GLES2_U002c0-512MB-85-220-0-0.png/150x150bb.png,https://is5-ssl.mzstatic.com/image/thumb/Purple123/v4/4b/53/63/4b53638a-3322-070b-ebb4-d8c710b1920e/AppIcon-0-0-1x_U007emarketing-0-0-0-7-0-0-sRGB-0-0-0-GLES2_U002c0-512MB-85-220-0-0.png/150x150bb.png,https://is5-ssl.mzstatic.com/image/thumb/Purple123/v4/4b/53/63/4b53638a-3322-070b-ebb4-d8c710b1920e/AppIcon-0-0-1x_U007emarketing-0-0-0-7-0-0-sRGB-0-0-0-GLES2_U002c0-512MB-85-220-0-0.png/150x150bb.png,544007664.0,True,https://is2-ssl.mzstatic.com/image/thumb/Purple113/v4/d4/26/70/d4267027-2d56-a0e1-9e92-42dcc95b9895/contsched.vlmovhkj.png/768x1024bb.png,True,"YouTube: Watch, Listen, Stream",ios,0.0,http://www.google.com/policies/privacy,,US,,281956209.0,Google LLC,/ios/publisher/google-llc/281956209,7.0,4.5,12297398.0,168177.0,4.5,2012-09-11T07:23:19Z,,True,http://support.google.com/youtube,2020-02-10T00:00:00Z,https://apps.apple.com/US/app/id544007664?l=en,"['US', 'AU', 'CA', 'CN', 'FR', 'DE', 'GB', 'IT', 'JP', 'KR', 'RU', 'DZ', 'AO', 'AR', 'AT', 'AZ', 'BB', 'BY', 'BE', 'BM', 'BR', 'BG', 'CL', 'CO', 'CR', 'HR', 'CZ', 'DK', 'DO', 'EC', 'EG', 'SV', 'FI', 'GH', 'GR', 'GT', 'HK', 'HU', 'IN', 'ID', 'IE', 'IL', 'KZ', 'KE', 'KW', 'LB', 'LT', 'LU', 'MO', 'MG', 'MY', 'MX', 'NL', 'NZ', 'NG', 'NO', 'OM', 'PK', 'PA', 'PE', 'PH', 'PL', 'PT', 'QA', 'RO', 'SA', 'SG', 'SK', 'SI', 'ZA', 'ES', 'LK', 'SE', 'CH', 'TW', 'TH', 'TN', 'TR', 'UA', 'AE', 'UY', 'UZ', 'VE', 'VN']",15.06,https://www.youtube.com
19,[],625334537.0,625334537.0,/ios/us/robtop-games-ab/app/geometry-dash/625334537/,,,com.robtop.geometryjump,True,US,"[6014, 6016, 7003, 7011]",4+,0.0,2020-02-17T00:00:00Z,,,565455.0,Geometry Dash,"{'downloads': 50000, 'downloads_rounded': 50, 'prefix': None, 'string': '50k', 'units': 'k'}","{'prefix': '$', 'revenue': 200000, 'revenue_rounded': 200, 'string': '$200k', 'units': 'k'}",https://is2-ssl.mzstatic.com/image/thumb/Purple118/v4/b6/5d/7b/b65d7be5-e14a-433f-bb53-8cc2407e6199/AppIcon-1x_U007emarketing-85-220-9.png/150x150bb.png,https://is2-ssl.mzstatic.com/image/thumb/Purple118/v4/b6/5d/7b/b65d7be5-e14a-433f-bb53-8cc2407e6199/AppIcon-1x_U007emarketing-85-220-9.png/150x150bb.png,https://is2-ssl.mzstatic.com/image/thumb/Purple118/v4/b6/5d/7b/b65d7be5-e14a-433f-bb53-8cc2407e6199/AppIcon-1x_U007emarketing-85-220-9.png/150x150bb.png,625334537.0,,,,Geometry Dash,ios,1.99,http://www.robtopgames.com/privacy_policy.pdf,,Sweden,,414027834.0,RobTop Games AB,/ios/publisher/robtop-games-ab/414027834,7.0,5.0,307864.0,41219.0,4.5,2013-08-13T07:00:00Z,,True,http://www.robtopgames.com,2017-11-16T00:00:00Z,https://apps.apple.com/US/app/id625334537?l=en,"['US', 'AU', 'CA', 'CN', 'FR', 'DE', 'GB', 'IT', 'JP', 'KR', 'RU', 'DZ', 'AO', 'AR', 'AT', 'AZ', 'BB', 'BY', 'BE', 'BM', 'BR', 'BG', 'CL', 'CO', 'CR', 'HR', 'CZ', 'DK', 'DO', 'EC', 'EG', 'SV', 'FI', 'GH', 'GR', 'GT', 'HK', 'HU', 'IN', 'ID', 'IE', 'IL', 'KZ', 'KE', 'KW', 'LB', 'LT', 'LU', 'MO', 'MG', 'MY', 'MX', 'NL', 'NZ', 'NG', 'NO', 'OM', 'PK', 'PA', 'PE', 'PH', 'PL', 'PT', 'QA', 'RO', 'SA', 'SG', 'SK', 'SI', 'ZA', 'ES', 'LK', 'SE', 'CH', 'TW', 'TH', 'TN', 'TR', 'UA', 'AE', 'UY', 'UZ', 'VE', 'VN']",2.11,http://www.robtopgames.com
20,"['Frequent/Intense Cartoon or Fantasy Violence', 'Infrequent/Mild Medical/Treatment Information']",1261357853.0,1261357853.0,/ios/us/epic-games/app/fortnite/1261357853/,,,com.chairentertainment.Fortnite,True,US,"[6014, 6016, 7001, 7002]",12+,14.0,2020-02-17T00:00:00Z,https://itunes.apple.com/WebObjects/MZStore.woa/wa/viewEula?cc=vn&id=1261357853,https://is1-ssl.mzstatic.com/image/thumb/Features123/v4/64/d2/b8/64d2b8aa-fba9-7bc9-96a0-c024aaf13d7b/source/4320x1080.png,10748247.0,Fortnite,"{'downloads': 2000000, 'downloads_rounded': 2, 'prefix': None, 'string': '2m', 'units': 'm'}","{'prefix': '$', 'revenue': 15000000, 'revenue_rounded': 15, 'string': '$15m', 'units': 'm'}",https://is4-ssl.mzstatic.com/image/thumb/Purple113/v4/82/de/d1/82ded1ed-eeae-c7d4-006c-14ebef4c1eb0/AppIcon-1x_U007emarketing-0-0-GLES2_U002c0-512MB-sRGB-0-0-0-85-220-0-0-0-6.png/150x150bb.png,https://is4-ssl.mzstatic.com/image/thumb/Purple113/v4/82/de/d1/82ded1ed-eeae-c7d4-006c-14ebef4c1eb0/AppIcon-1x_U007emarketing-0-0-GLES2_U002c0-512MB-sRGB-0-0-0-85-220-0-0-0-6.png/150x150bb.png,https://is4-ssl.mzstatic.com/image/thumb/Purple113/v4/82/de/d1/82ded1ed-eeae-c7d4-006c-14ebef4c1eb0/AppIcon-1x_U007emarketing-0-0-GLES2_U002c0-512MB-sRGB-0-0-0-85-220-0-0-0-6.png/150x150bb.png,1261357853.0,,,True,Fortnite,ios,0.0,https://www.epicgames.com/privacypolicy,,US,,387428403.0,Epic Games,/ios/publisher/epic-games/387428403,7.0,4.5,5189002.0,30217.0,4.5,2018-03-15T19:06:15Z,,True,http://fortnitehelp.epicgames.com/,2020-02-11T00:00:00Z,https://apps.apple.com/US/app/id1261357853?l=en,"['US', 'AU', 'CA', 'FR', 'DE', 'GB', 'IT', 'JP', 'KR', 'RU', 'DZ', 'AO', 'AR', 'AT', 'AZ', 'BB', 'BY', 'BE', 'BM', 'BR', 'BG', 'CL', 'CO', 'CR', 'HR', 'CZ', 'DK', 'DO', 'EC', 'EG', 'SV', 'FI', 'GH', 'GR', 'GT', 'HK', 'HU', 'IN', 'ID', 'IE', 'IL', 'KZ', 'KE', 'KW', 'LB', 'LT', 'LU', 'MO', 'MG', 'MY', 'MX', 'NL', 'NZ', 'NG', 'NO', 'OM', 'PK', 'PA', 'PE', 'PH', 'PL', 'PT', 'QA', 'RO', 'SA', 'SG', 'SK', 'SI', 'ZA', 'ES', 'LK', 'SE', 'CH', 'TW', 'TH', 'TN', 'TR', 'UA', 'AE', 'UY', 'UZ', 'VE', 'VN']",11.50.1,http://www.fortnite.com
21,"['Infrequent/Mild Profanity or Crude Humor', 'Infrequent/Mild Sexual Content and Nudity', 'Infrequent/Mild Alcohol, Tobacco, or Drug Use or References', 'Infrequent/Mild Mature/Suggestive Themes']",389801252.0,389801252.0,/ios/us/instagram-inc/app/instagram/389801252/,,,com.burbn.instagram,True,US,"[6008, 6005]",12+,0.0,2020-02-17T00:00:00Z,,https://is4-ssl.mzstatic.com/image/thumb/Features127/v4/97/ab/fd/97abfd00-a052-9885-5085-b3e40ec22737/source/4320x1080.png,76455813.0,Instagram,"{'downloads': 11000000, 'downloads_rounded': 11, 'prefix': None, 'string': '11m', 'units': 'm'}","{'prefix': '< $', 'revenue': 1000, 'revenue_rounded': 5, 'string': '< $5k', 'units': 'k'}",https://is2-ssl.mzstatic.com/image/thumb/Purple114/v4/29/34/bc/2934bc43-f7f1-0037-98ce-a09d8869f9ff/Prod-0-0-1x_U007emarketing-0-0-0-6-0-0-sRGB-0-0-0-GLES2_U002c0-512MB-85-220-0-0.png/150x150bb.png,https://is2-ssl.mzstatic.com/image/thumb/Purple114/v4/29/34/bc/2934bc43-f7f1-0037-98ce-a09d8869f9ff/Prod-0-0-1x_U007emarketing-0-0-0-6-0-0-sRGB-0-0-0-GLES2_U002c0-512MB-85-220-0-0.png/150x150bb.png,https://is2-ssl.mzstatic.com/image/thumb/Purple114/v4/29/34/bc/2934bc43-f7f1-0037-98ce-a09d8869f9ff/Prod-0-0-1x_U007emarketing-0-0-0-6-0-0-sRGB-0-0-0-GLES2_U002c0-512MB-85-220-0-0.png/150x150bb.png,389801252.0,,,,Instagram,ios,0.0,http://instagram.com/legal/privacy/,,US,,389801255.0,"Instagram, Inc.",/ios/publisher/instagram-inc/389801255,8.0,5.0,21610862.0,21626.0,5.0,2010-10-06T08:12:41Z,,True,http://help.instagram.com/,2020-02-18T00:00:00Z,https://apps.apple.com/US/app/id389801252?l=en,"['US', 'AU', 'CA', 'CN', 'FR', 'DE', 'GB', 'IT', 'JP', 'KR', 'RU', 'DZ', 'AO', 'AR', 'AT', 'AZ', 'BB', 'BY', 'BE', 'BM', 'BR', 'BG', 'CL', 'CO', 'CR', 'HR', 'CZ', 'DK', 'DO', 'EC', 'EG', 'SV', 'FI', 'GH', 'GR', 'GT', 'HK', 'HU', 'IN', 'ID', 'IE', 'IL', 'KZ', 'KE', 'KW', 'LB', 'LT', 'LU', 'MO', 'MG', 'MY', 'MX', 'NL', 'NZ', 'NG', 'NO', 'OM', 'PK', 'PA', 'PE', 'PH', 'PL', 'PT', 'QA', 'RO', 'SA', 'SG', 'SK', 'SI', 'ZA', 'ES', 'LK', 'SE', 'CH', 'TW', 'TH', 'TN', 'TR', 'UA', 'AE', 'UY', 'UZ', 'VE', 'VN']",129.0,http://instagram.com/
22,[],294934058.0,294934058.0,/ios/us/hotschedules/app/hotschedules/294934058/,True,https://is3-ssl.mzstatic.com/image/thumb/Purple124/v4/1c/da/de/1cdade1e-c02a-24fc-68aa-cb30df00d6ff/AppIconWatch-0-0-1x_U007emarketing-0-0-0-9-0-0-85-220.png/150x150bb.png,com.hotschedules.hotschedules,,US,[6000],4+,0.0,2020-02-17T00:00:00Z,,,99133.0,HotSchedules,"{'downloads': 20000, 'downloads_rounded': 20, 'prefix': None, 'string': '20k', 'units': 'k'}","{'prefix': '$', 'revenue': 100000, 'revenue_rounded': 100, 'string': '$100k', 'units': 'k'}",https://is1-ssl.mzstatic.com/image/thumb/Purple124/v4/c6/cb/60/c6cb6040-28f8-71dc-82aa-0e7b8d2f4f53/AppIcon-0-0-1x_U007emarketing-0-0-0-7-0-0-sRGB-0-0-0-GLES2_U002c0-512MB-85-220-0-0.png/150x150bb.png,https://is1-ssl.mzstatic.com/image/thumb/Purple124/v4/c6/cb/60/c6cb6040-28f8-71dc-82aa-0e7b8d2f4f53/AppIcon-0-0-1x_U007emarketing-0-0-0-7-0-0-sRGB-0-0-0-GLES2_U002c0-512MB-85-220-0-0.png/150x150bb.png,https://is1-ssl.mzstatic.com/image/thumb/Purple124/v4/c6/cb/60/c6cb6040-28f8-71dc-82aa-0e7b8d2f4f53/AppIcon-0-0-1x_U007emarketing-0-0-0-7-0-0-sRGB-0-0-0-GLES2_U002c0-512MB-85-220-0-0.png/150x150bb.png,294934058.0,,,,HotSchedules,ios,2.99,https://www.hotschedules.com/privacy-policy/,,US,,294934061.0,HotSchedules,/ios/publisher/hotschedules/294934061,8.0,4.5,97038.0,21.0,2.0,2008-10-31T05:30:52Z,,,https://help.hotschedules.com/hc/en-us,2020-02-13T00:00:00Z,https://apps.apple.com/US/app/id294934058?l=en,"['US', 'AU', 'CA', 'CN', 'FR', 'DE', 'GB', 'IT', 'JP', 'KR', 'RU', 'DZ', 'AO', 'AR', 'AT', 'AZ', 'BB', 'BY', 'BE', 'BM', 'BR', 'BG', 'CL', 'CO', 'CR', 'HR', 'CZ', 'DK', 'DO', 'EC', 'EG', 'SV', 'FI', 'GH', 'GR', 'GT', 'HK', 'HU', 'IN', 'ID', 'IE', 'IL', 'KZ', 'KE', 'KW', 'LB', 'LT', 'LU', 'MO', 'MG', 'MY', 'MX', 'NL', 'NZ', 'NG', 'NO', 'OM', 'PK', 'PA', 'PE', 'PH', 'PL', 'PT', 'QA', 'RO', 'SA', 'SG', 'SK', 'SI', 'ZA', 'ES', 'LK', 'SE', 'CH', 'TW', 'TH', 'TN', 'TR', 'UA', 'AE', 'UY', 'UZ', 'VE', 'VN']",4.127.0,http://www.hotschedules.com
23,"['Infrequent/Mild Alcohol, Tobacco, or Drug Use or References', 'Infrequent/Mild Sexual Content and Nudity', 'Infrequent/Mild Mature/Suggestive Themes', 'Infrequent/Mild Cartoon or Fantasy Violence', 'Infrequent/Mild Simulated Gambling', 'Infrequent/Mild Profanity or Crude Humor', 'Infrequent/Mild Realistic Violence', 'Infrequent/Mild Horror/Fear Themes']",376510438.0,376510438.0,/ios/us/hulu-llc/app/hulu-stream-tv-shows-movies/376510438/,,,com.hulu.plus,True,US,"[6016, 6012]",12+,-1.0,2020-02-17T00:00:00Z,,https://is1-ssl.mzstatic.com/image/thumb/Features113/v4/c8/e2/d1/c8e2d181-49f2-3d1b-d38c-ff285efb5e64/source/4320x1080.png,1217149.0,Hulu: Stream TV shows,"{'downloads': 1000000, 'downloads_rounded': 1, 'prefix': None, 'string': '1m', 'units': 'm'}","{'prefix': '$', 'revenue': 8000000, 'revenue_rounded': 8, 'string': '$8m', 'units': 'm'}",https://is1-ssl.mzstatic.com/image/thumb/Purple113/v4/63/1f/1a/631f1a87-3cae-6179-a527-71a94e0356c0/HuluAppIcon-0-0-1x_U007emarketing-0-0-0-7-0-0-sRGB-0-0-0-GLES2_U002c0-512MB-85-220-0-0.png/150x150bb.png,https://is1-ssl.mzstatic.com/image/thumb/Purple113/v4/63/1f/1a/631f1a87-3cae-6179-a527-71a94e0356c0/HuluAppIcon-0-0-1x_U007emarketing-0-0-0-7-0-0-sRGB-0-0-0-GLES2_U002c0-512MB-85-220-0-0.png/150x150bb.png,https://is1-ssl.mzstatic.com/image/thumb/Purple113/v4/63/1f/1a/631f1a87-3cae-6179-a527-71a94e0356c0/HuluAppIcon-0-0-1x_U007emarketing-0-0-0-7-0-0-sRGB-0-0-0-GLES2_U002c0-512MB-85-220-0-0.png/150x150bb.png,376510438.0,,,True,Hulu: Stream TV shows & movies,ios,0.0,http://www.hulu.com/privacy,,US,,376510441.0,"Hulu, LLC",/ios/publisher/hulu-llc/376510441,8.0,4.5,1213393.0,15.0,4.0,2010-06-29T18:39:25Z,,True,https://www.hulu.com/help,2020-02-19T00:00:00Z,https://apps.apple.com/US/app/id376510438?l=en,['US'],6.11,http://www.hulu.com/start
24,[],1483239231.0,1483239231.0,/ios/us/voodoo/app/make-it-perfect/1483239231/,,,com.game.perfection,,US,[6014],4+,-2.0,2020-02-17T00:00:00Z,,,7340.0,Make It Perfect!,"{'downloads': 40000, 'downloads_rounded': 40, 'prefix': None, 'string': '40k', 'units': 'k'}","{'prefix': '< $', 'revenue': 1000, 'revenue_rounded': 5, 'string': '< $5k', 'units': 'k'}",https://is1-ssl.mzstatic.com/image/thumb/Purple123/v4/85/63/c9/8563c939-4ed0-0226-3b60-273f259f7748/AppIcon-0-0-1x_U007emarketing-0-0-0-7-0-85-220.png/150x150bb.png,https://is1-ssl.mzstatic.com/image/thumb/Purple123/v4/85/63/c9/8563c939-4ed0-0226-3b60-273f259f7748/AppIcon-0-0-1x_U007emarketing-0-0-0-7-0-85-220.png/150x150bb.png,https://is1-ssl.mzstatic.com/image/thumb/Purple123/v4/85/63/c9/8563c939-4ed0-0226-3b60-273f259f7748/AppIcon-0-0-1x_U007emarketing-0-0-0-7-0-85-220.png/150x150bb.png,1483239231.0,,,True,Make It Perfect!,ios,0.0,https://www.voodoo.io/privacy,,France,,714804730.0,Voodoo,/ios/publisher/voodoo/714804730,9.0,4.5,3801.0,218.0,4.5,2019-10-12T03:50:31Z,,,https://www.voodoo.io,2020-02-19T00:00:00Z,https://apps.apple.com/US/app/id1483239231?l=en,"['US', 'AU', 'CA', 'CN', 'FR', 'DE', 'GB', 'IT', 'JP', 'KR', 'RU', 'DZ', 'AO', 'AR', 'AT', 'AZ', 'BB', 'BY', 'BE', 'BM', 'BR', 'BG', 'CL', 'CO', 'CR', 'HR', 'CZ', 'DK', 'DO', 'EC', 'EG', 'SV', 'FI', 'GH', 'GR', 'GT', 'HK', 'HU', 'IN', 'ID', 'IE', 'IL', 'KZ', 'KE', 'KW', 'LB', 'LT', 'LU', 'MO', 'MG', 'MY', 'MX', 'NL', 'NZ', 'NG', 'NO', 'OM', 'PK', 'PA', 'PE', 'PH', 'PL', 'PT', 'QA', 'RO', 'SA', 'SG', 'SK', 'SI', 'ZA', 'ES', 'LK', 'SE', 'CH', 'TW', 'TH', 'TN', 'TR', 'UA', 'AE', 'UY', 'UZ', 'VE', 'VN']",1.0.9,https://www.voodoo.io/
25,[],1477966166.0,1477966166.0,/ios/us/marmalade-game-studio/app/monopoly/1477966166/,,,com.marmalade.monopoly,,US,"[6014, 7004, 7009]",4+,0.0,2020-02-17T00:00:00Z,,,32516.0,Monopoly,"{'downloads': 60000, 'downloads_rounded': 60, 'prefix': None, 'string': '60k', 'units': 'k'}","{'prefix': '$', 'revenue': 500000, 'revenue_rounded': 500, 'string': '$500k', 'units': 'k'}",https://is3-ssl.mzstatic.com/image/thumb/Purple113/v4/a9/7b/31/a97b31da-fb0b-ab6d-6958-f4f4180b965b/AppIcon-0-1x_U007emarketing-0-0-GLES2_U002c0-512MB-sRGB-0-0-0-85-220-0-0-0-7.png/150x150bb.png,https://is3-ssl.mzstatic.com/image/thumb/Purple113/v4/a9/7b/31/a97b31da-fb0b-ab6d-6958-f4f4180b965b/AppIcon-0-1x_U007emarketing-0-0-GLES2_U002c0-512MB-sRGB-0-0-0-85-220-0-0-0-7.png/150x150bb.png,https://is3-ssl.mzstatic.com/image/thumb/Purple113/v4/a9/7b/31/a97b31da-fb0b-ab6d-6958-f4f4180b965b/AppIcon-0-1x_U007emarketing-0-0-GLES2_U002c0-512MB-sRGB-0-0-0-85-220-0-0-0-7.png/150x150bb.png,1477966166.0,,,True,Monopoly,ios,3.99,https://marmaladegamestudio.com/wp-content/uploads/2016/12/Privacy_Policy.pdf,,,,988365603.0,Marmalade Game Studio,/ios/publisher/marmalade-game-studio/988365603,9.0,4.5,19463.0,1925.0,4.0,2019-12-04T08:00:00Z,,,https://marmaladegamestudio.com/,2020-02-07T00:00:00Z,https://apps.apple.com/US/app/id1477966166?l=en,"['US', 'AU', 'CA', 'FR', 'DE', 'GB', 'IT', 'RU', 'DZ', 'AO', 'AR', 'AT', 'AZ', 'BB', 'BY', 'BE', 'BM', 'BR', 'BG', 'CL', 'CO', 'CR', 'HR', 'CZ', 'DK', 'DO', 'EC', 'EG', 'SV', 'FI', 'GH', 'GR', 'GT', 'HU', 'IN', 'ID', 'IE', 'IL', 'KZ', 'KE', 'KW', 'LB', 'LT', 'LU', 'MO', 'MG', 'MY', 'MX', 'NL', 'NZ', 'NG', 'NO', 'OM', 'PK', 'PA', 'PE', 'PH', 'PL', 'PT', 'QA', 'RO', 'SA', 'SG', 'SK', 'SI', 'ZA', 'ES', 'LK', 'SE', 'CH', 'TW', 'TH', 'TN', 'TR', 'UA', 'AE', 'UY', 'UZ', 'VE', 'VN']",1.0.10,https://marmaladegamestudio.com/
26,"['Infrequent/Mild Cartoon or Fantasy Violence', 'Infrequent/Mild Realistic Violence']",431946152.0,431946152.0,/ios/us/roblox-corporation/app/roblox/431946152/,,,com.roblox.robloxmobile,True,US,"[6014, 7002, 6016, 7001]",12+,-1.0,2020-02-17T00:00:00Z,,,4298270.0,Roblox,"{'downloads': 3000000, 'downloads_rounded': 3, 'prefix': None, 'string': '3m', 'units': 'm'}","{'prefix': '$', 'revenue': 35000000, 'revenue_rounded': 35, 'string': '$35m', 'units': 'm'}",https://is3-ssl.mzstatic.com/image/thumb/Purple114/v4/26/97/25/2697251d-cfb9-f0f6-2c5a-3e168f6caeef/AppIcon-0-1x_U007emarketing-0-0-85-220-7.png/150x150bb.png,https://is3-ssl.mzstatic.com/image/thumb/Purple114/v4/26/97/25/2697251d-cfb9-f0f6-2c5a-3e168f6caeef/AppIcon-0-1x_U007emarketing-0-0-85-220-7.png/150x150bb.png,https://is3-ssl.mzstatic.com/image/thumb/Purple114/v4/26/97/25/2697251d-cfb9-f0f6-2c5a-3e168f6caeef/AppIcon-0-1x_U007emarketing-0-0-85-220-7.png/150x150bb.png,431946152.0,,,True,Roblox,ios,0.0,http://www.roblox.com/info/Privacy.aspx,,US,,431946155.0,Roblox Corporation,/ios/publisher/roblox-corporation/431946155,9.0,4.5,2401758.0,69458.0,4.5,2011-05-26T20:51:47Z,,True,https://en.help.roblox.com/hc/en-us,2020-02-13T00:00:00Z,https://apps.apple.com/US/app/id431946152?l=en,"['US', 'AU', 'CA', 'CN', 'FR', 'DE', 'GB', 'IT', 'JP', 'KR', 'RU', 'DZ', 'AO', 'AR', 'AT', 'AZ', 'BB', 'BY', 'BE', 'BM', 'BR', 'BG', 'CL', 'CO', 'CR', 'HR', 'CZ', 'DK', 'DO', 'EC', 'EG', 'SV', 'FI', 'GH', 'GR', 'GT', 'HK', 'HU', 'IN', 'ID', 'IE', 'IL', 'KZ', 'KE', 'KW', 'LB', 'LT', 'LU', 'MO', 'MG', 'MY', 'MX', 'NL', 'NZ', 'NG', 'NO', 'OM', 'PK', 'PA', 'PE', 'PH', 'PL', 'PT', 'QA', 'RO', 'SA', 'SG', 'SK', 'SI', 'ZA', 'ES', 'LK', 'SE', 'CH', 'TW', 'TH', 'TN', 'TR', 'UA', 'AE', 'UY', 'UZ', 'VE', 'VN']",2.419.381237,http://www.roblox.com/
27,"['Infrequent/Mild Simulated Gambling', 'Infrequent/Mild Cartoon or Fantasy Violence']",454638411.0,454638411.0,/ios/us/facebook-inc/app/messenger/454638411/,True,https://is2-ssl.mzstatic.com/image/thumb/Purple114/v4/ad/a5/d7/ada5d77c-a7ec-b5cd-3fc5-2c155b0aad86/Icon-0-1x_U007emarketing-0-0-GLES2_U002c0-512MB-sRGB-0-0-0-85-220-0-0-0-9.png/150x150bb.png,com.facebook.Messenger,True,US,"[6005, 6007]",12+,2.0,2020-02-17T00:00:00Z,https://itunes.apple.com/WebObjects/MZStore.woa/wa/viewEula?cc=za&id=454638411,,5840323.0,Messenger,"{'downloads': 9000000, 'downloads_rounded': 9, 'prefix': None, 'string': '9m', 'units': 'm'}","{'prefix': '< $', 'revenue': 1000, 'revenue_rounded': 5, 'string': '< $5k', 'units': 'k'}",https://is5-ssl.mzstatic.com/image/thumb/Purple124/v4/36/96/cc/3696cc28-3fa8-4399-0d43-34b168431ec3/Icon-0-0-1x_U007emarketing-0-0-0-7-0-0-85-220.png/150x150bb.png,https://is5-ssl.mzstatic.com/image/thumb/Purple124/v4/36/96/cc/3696cc28-3fa8-4399-0d43-34b168431ec3/Icon-0-0-1x_U007emarketing-0-0-0-7-0-0-85-220.png/150x150bb.png,https://is5-ssl.mzstatic.com/image/thumb/Purple124/v4/36/96/cc/3696cc28-3fa8-4399-0d43-34b168431ec3/Icon-0-0-1x_U007emarketing-0-0-0-7-0-0-85-220.png/150x150bb.png,454638411.0,,,,Messenger,ios,0.0,https://www.facebook.com/about/privacy/,,US,,284882218.0,"Facebook, Inc.",/ios/publisher/facebook-inc/284882218,10.0,4.0,1420129.0,555.0,4.0,2011-08-09T19:49:28Z,,True,http://m.facebook.com/mobile/messenger/help,2020-02-19T00:00:00Z,https://apps.apple.com/US/app/id454638411?l=en,"['US', 'AU', 'CA', 'CN', 'FR', 'DE', 'GB', 'IT', 'JP', 'KR', 'RU', 'DZ', 'AO', 'AR', 'AT', 'AZ', 'BB', 'BY', 'BE', 'BM', 'BR', 'BG', 'CL', 'CO', 'CR', 'HR', 'CZ', 'DK', 'DO', 'EC', 'EG', 'SV', 'FI', 'GH', 'GR', 'GT', 'HK', 'HU', 'IN', 'ID', 'IE', 'IL', 'KZ', 'KE', 'KW', 'LB', 'LT', 'LU', 'MO', 'MG', 'MY', 'MX', 'NL', 'NZ', 'NG', 'NO', 'OM', 'PK', 'PA', 'PE', 'PH', 'PL', 'PT', 'QA', 'RO', 'SA', 'SG', 'SK', 'SI', 'ZA', 'ES', 'LK', 'SE', 'CH', 'TW', 'TH', 'TN', 'TR', 'UA', 'AE', 'UY', 'UZ', 'VE', 'VN']",252.1,http://www.facebook.com/mobile/messenger
28,[],1359485719.0,1359485719.0,/ios/us/kpaw-llc/app/flicktype-keyboard/1359485719/,True,https://is4-ssl.mzstatic.com/image/thumb/Purple113/v4/86/0b/30/860b30c0-d853-adf3-b79d-073c4c17bbcb/AppIcon-0-0-1x_U007emarketing-0-0-0-9-0-0-sRGB-0-0-0-GLES2_U002c0-512MB-85-220-0-0.png/150x150bb.png,com.kpaw.FlickType,,US,"[6007, 6002]",4+,0.0,2020-02-17T00:00:00Z,,,622.0,FlickType Keyboard,"{'downloads': 8000, 'downloads_rounded': 8, 'prefix': None, 'string': '8k', 'units': 'k'}","{'prefix': '$', 'revenue': 6000, 'revenue_rounded': 6, 'string': '$6k', 'units': 'k'}",https://is2-ssl.mzstatic.com/image/thumb/Purple113/v4/3a/a1/59/3aa159b8-6a98-9322-0ce1-2b0ec0cd5752/AppIcon-0-0-1x_U007emarketing-0-0-0-7-0-0-sRGB-0-0-0-GLES2_U002c0-512MB-85-220-0-0.png/150x150bb.png,https://is2-ssl.mzstatic.com/image/thumb/Purple113/v4/3a/a1/59/3aa159b8-6a98-9322-0ce1-2b0ec0cd5752/AppIcon-0-0-1x_U007emarketing-0-0-0-7-0-0-sRGB-0-0-0-GLES2_U002c0-512MB-85-220-0-0.png/150x150bb.png,https://is2-ssl.mzstatic.com/image/thumb/Purple113/v4/3a/a1/59/3aa159b8-6a98-9322-0ce1-2b0ec0cd5752/AppIcon-0-0-1x_U007emarketing-0-0-0-7-0-0-sRGB-0-0-0-GLES2_U002c0-512MB-85-220-0-0.png/150x150bb.png,1359485719.0,,,,FlickType Keyboard,ios,1.99,https://www.flicktype.com/privacy,,,,1275307195.0,"Kpaw, LLC",/ios/publisher/kpaw-llc/1275307195,10.0,4.0,422.0,197.0,4.0,2018-04-26T18:04:17Z,,,https://twitter.com/flicktype,2020-02-04T00:00:00Z,https://apps.apple.com/US/app/id1359485719?l=en,"['US', 'AU', 'CA', 'CN', 'FR', 'DE', 'GB', 'IT', 'JP', 'KR', 'RU', 'DZ', 'AO', 'AR', 'AT', 'AZ', 'BB', 'BY', 'BE', 'BM', 'BR', 'BG', 'CL', 'CO', 'CR', 'HR', 'CZ', 'DK', 'DO', 'EC', 'EG', 'SV', 'FI', 'GH', 'GR', 'GT', 'HK', 'HU', 'IN', 'ID', 'IE', 'IL', 'KZ', 'KE', 'KW', 'LB', 'LT', 'LU', 'MO', 'MG', 'MY', 'MX', 'NL', 'NZ', 'NG', 'NO', 'OM', 'PK', 'PA', 'PE', 'PH', 'PL', 'PT', 'QA', 'RO', 'SA', 'SG', 'SK', 'SI', 'ZA', 'ES', 'LK', 'SE', 'CH', 'TW', 'TH', 'TN', 'TR', 'UA', 'AE', 'UY', 'UZ', 'VE', 'VN']",2000.3,https://www.flicktype.com
29,['Frequent/Intense Mature/Suggestive Themes'],930441707.0,930441707.0,/ios/us/bumble-holding-limited/app/bumble-meet-new-people/930441707/,,,com.moxco.bumble,True,US,"[6012, 6005]",17+,-1.0,2020-02-17T00:00:00Z,,,1371537.0,Bumble - Meet New People,"{'downloads': 900000, 'downloads_rounded': 900, 'prefix': None, 'string': '900k', 'units': 'k'}","{'prefix': '$', 'revenue': 12000000, 'revenue_rounded': 12, 'string': '$12m', 'units': 'm'}",https://is2-ssl.mzstatic.com/image/thumb/Purple124/v4/3e/43/71/3e4371ec-c295-9a68-cebb-9293a7ae3e7a/AppIcon-0-0-1x_U007emarketing-0-0-0-7-0-0-sRGB-0-0-0-GLES2_U002c0-512MB-85-220-0-0.png/150x150bb.png,https://is2-ssl.mzstatic.com/image/thumb/Purple124/v4/3e/43/71/3e4371ec-c295-9a68-cebb-9293a7ae3e7a/AppIcon-0-0-1x_U007emarketing-0-0-0-7-0-0-sRGB-0-0-0-GLES2_U002c0-512MB-85-220-0-0.png/150x150bb.png,https://is2-ssl.mzstatic.com/image/thumb/Purple124/v4/3e/43/71/3e4371ec-c295-9a68-cebb-9293a7ae3e7a/AppIcon-0-0-1x_U007emarketing-0-0-0-7-0-0-sRGB-0-0-0-GLES2_U002c0-512MB-85-220-0-0.png/150x150bb.png,930441707.0,,,True,Bumble - Meet New People,ios,0.0,http://bumble.com/privacy/,,US,,1120675060.0,Bumble Holding Limited,/ios/publisher/bumble-holding-limited/1120675060,10.0,4.0,881371.0,1392.0,4.5,2014-11-19T02:18:55Z,,True,https://bumble.com/contact-us,2020-02-17T00:00:00Z,https://apps.apple.com/US/app/id930441707?l=en,"['US', 'AU', 'CA', 'CN', 'FR', 'DE', 'GB', 'IT', 'JP', 'KR', 'RU', 'DZ', 'AO', 'AR', 'AT', 'AZ', 'BB', 'BY', 'BE', 'BM', 'BR', 'BG', 'CL', 'CO', 'CR', 'HR', 'CZ', 'DK', 'DO', 'EC', 'EG', 'SV', 'FI', 'GH', 'GR', 'GT', 'HK', 'HU', 'IN', 'ID', 'IE', 'IL', 'KZ', 'KE', 'KW', 'LB', 'LT', 'LU', 'MO', 'MG', 'MY', 'MX', 'NL', 'NZ', 'NG', 'NO', 'OM', 'PK', 'PA', 'PE', 'PH', 'PL', 'PT', 'QA', 'RO', 'SA', 'SG', 'SK', 'SI', 'ZA', 'ES', 'LK', 'SE', 'CH', 'TW', 'TH', 'TN', 'TR', 'UA', 'AE', 'UY', 'UZ', 'VE', 'VN']",5.152.0,http://bumble.com/
30,"['Infrequent/Mild Mature/Suggestive Themes', 'Infrequent/Mild Alcohol, Tobacco, or Drug Use or References', 'Infrequent/Mild Profanity or Crude Humor', 'Infrequent/Mild Sexual Content and Nudity']",447188370.0,447188370.0,/ios/us/snap-inc/app/snapchat/447188370/,,,com.toyopagroup.picaboo,True,US,"[6008, 6005]",12+,2.0,2020-02-17T00:00:00Z,,,3729813.0,Snapchat,"{'downloads': 5000000, 'downloads_rounded': 5, 'prefix': None, 'string': '5m', 'units': 'm'}","{'prefix': '$', 'revenue': 100000, 'revenue_rounded': 100, 'string': '$100k', 'units': 'k'}",https://is4-ssl.mzstatic.com/image/thumb/Purple123/v4/20/d4/68/20d46821-ea19-e9ab-c1fd-ab4e43d6d658/AppIcon-0-1x_U007emarketing-0-0-GLES2_U002c0-512MB-sRGB-0-0-0-85-220-0-0-0-5.png/150x150bb.png,https://is4-ssl.mzstatic.com/image/thumb/Purple123/v4/20/d4/68/20d46821-ea19-e9ab-c1fd-ab4e43d6d658/AppIcon-0-1x_U007emarketing-0-0-GLES2_U002c0-512MB-sRGB-0-0-0-85-220-0-0-0-5.png/150x150bb.png,https://is4-ssl.mzstatic.com/image/thumb/Purple123/v4/20/d4/68/20d46821-ea19-e9ab-c1fd-ab4e43d6d658/AppIcon-0-1x_U007emarketing-0-0-GLES2_U002c0-512MB-sRGB-0-0-0-85-220-0-0-0-5.png/150x150bb.png,447188370.0,,,True,Snapchat,ios,0.0,http://www.snapchat.com/privacy,,US,,446889612.0,"Snap, Inc.",/ios/publisher/snap-inc/446889612,11.0,2.5,1726978.0,9610.0,4.0,2011-07-13T23:51:40Z,,True,http://support.snapchat.com,2020-02-03T00:00:00Z,https://apps.apple.com/US/app/id447188370?l=en,"['US', 'AU', 'CA', 'CN', 'FR', 'DE', 'GB', 'IT', 'JP', 'KR', 'RU', 'DZ', 'AO', 'AR', 'AT', 'AZ', 'BB', 'BY', 'BE', 'BM', 'BR', 'BG', 'CL', 'CO', 'CR', 'HR', 'CZ', 'DK', 'DO', 'EC', 'EG', 'SV', 'FI', 'GH', 'GR', 'GT', 'HK', 'HU', 'IN', 'ID', 'IE', 'IL', 'KZ', 'KE', 'KW', 'LB', 'LT', 'LU', 'MO', 'MG', 'MY', 'MX', 'NL', 'NZ', 'NG', 'NO', 'OM', 'PK', 'PA', 'PE', 'PH', 'PL', 'PT', 'QA', 'RO', 'SA', 'SG', 'SK', 'SI', 'ZA', 'ES', 'LK', 'SE', 'CH', 'TW', 'TH', 'TN', 'TR', 'UA', 'AE', 'UY', 'UZ', 'VE', 'VN']",10.75.0.67,http://www.snap.com
31,[],1471692155.0,1471692155.0,/ios/us/2k/app/nba-2k20/1471692155/,,,com.2ksports.nba2k20,,US,"[6014, 7001, 7016, 6004]",4+,0.0,2020-02-17T00:00:00Z,,,18220.0,NBA 2K20,"{'downloads': 80000, 'downloads_rounded': 80, 'prefix': None, 'string': '80k', 'units': 'k'}","{'prefix': '$', 'revenue': 600000, 'revenue_rounded': 600, 'string': '$600k', 'units': 'k'}",https://is3-ssl.mzstatic.com/image/thumb/Purple113/v4/e5/ac/dc/e5acdcc4-31bb-55a3-c870-2b4aa61813e7/AppIcon-0-1x_U007emarketing-0-85-220-0-7.png/150x150bb.png,https://is3-ssl.mzstatic.com/image/thumb/Purple113/v4/e5/ac/dc/e5acdcc4-31bb-55a3-c870-2b4aa61813e7/AppIcon-0-1x_U007emarketing-0-85-220-0-7.png/150x150bb.png,https://is3-ssl.mzstatic.com/image/thumb/Purple113/v4/e5/ac/dc/e5acdcc4-31bb-55a3-c870-2b4aa61813e7/AppIcon-0-1x_U007emarketing-0-85-220-0-7.png/150x150bb.png,1471692155.0,,,True,NBA 2K20,ios,5.99,http://www.take2games.com/privacy/,,Spain,,324563547.0,2K,/ios/publisher/2k/324563547,11.0,3.5,2796.0,568.0,3.5,2019-09-09T23:57:37Z,,,http://support.2k.com/home/,2020-01-14T00:00:00Z,https://apps.apple.com/US/app/id1471692155?l=en,"['US', 'AU', 'CA', 'CN', 'FR', 'DE', 'GB', 'IT', 'JP', 'KR', 'RU', 'DZ', 'AO', 'AR', 'AT', 'AZ', 'BB', 'BY', 'BE', 'BM', 'BR', 'BG', 'CL', 'CO', 'CR', 'HR', 'CZ', 'DK', 'DO', 'EC', 'EG', 'SV', 'FI', 'GH', 'GR', 'GT', 'HK', 'HU', 'IN', 'ID', 'IE', 'IL', 'KZ', 'KE', 'KW', 'LB', 'LT', 'LU', 'MO', 'MG', 'MY', 'MX', 'NL', 'NZ', 'NG', 'NO', 'OM', 'PK', 'PA', 'PE', 'PH', 'PL', 'PT', 'QA', 'RO', 'SA', 'SG', 'SK', 'SI', 'ZA', 'ES', 'LK', 'SE', 'CH', 'TW', 'TH', 'TN', 'TR', 'UA', 'AE', 'UY', 'UZ', 'VE', 'VN']",1.03,http://www.facebook.com/NBA2K/
32,[],1176027022.0,1176027022.0,/ios/us/peak-games/app/toon-blast/1176027022/,,,net.peakgames.toonblast,True,US,"[6014, 7003, 7012]",4+,0.0,2020-02-17T00:00:00Z,,,3900427.0,Toon Blast,"{'downloads': 1000000, 'downloads_rounded': 1, 'prefix': None, 'string': '1m', 'units': 'm'}","{'prefix': '$', 'revenue': 15000000, 'revenue_rounded': 15, 'string': '$15m', 'units': 'm'}",https://is4-ssl.mzstatic.com/image/thumb/Purple124/v4/87/7c/4a/877c4a92-6212-dc8d-8933-0f6ee1df5c05/AppIcon-0-1x_U007emarketing-0-85-220-9.png/150x150bb.png,https://is4-ssl.mzstatic.com/image/thumb/Purple124/v4/87/7c/4a/877c4a92-6212-dc8d-8933-0f6ee1df5c05/AppIcon-0-1x_U007emarketing-0-85-220-9.png/150x150bb.png,https://is4-ssl.mzstatic.com/image/thumb/Purple124/v4/87/7c/4a/877c4a92-6212-dc8d-8933-0f6ee1df5c05/AppIcon-0-1x_U007emarketing-0-85-220-9.png/150x150bb.png,1176027022.0,,,True,Toon Blast,ios,0.0,https://peak.com/privacy,,Turkey,,476160947.0,Peak Games,/ios/publisher/peak-games/476160947,11.0,4.5,1684230.0,1691.0,4.5,2017-08-15T08:15:03Z,,True,https://peakgames.helpshift.com/a/toon-blast/,2020-02-18T00:00:00Z,https://apps.apple.com/US/app/id1176027022?l=en,"['US', 'AU', 'CA', 'FR', 'DE', 'GB', 'IT', 'JP', 'KR', 'RU', 'DZ', 'AO', 'AR', 'AT', 'AZ', 'BB', 'BY', 'BE', 'BM', 'BR', 'BG', 'CL', 'CO', 'CR', 'HR', 'CZ', 'DK', 'DO', 'EC', 'EG', 'SV', 'FI', 'GH', 'GR', 'GT', 'HK', 'HU', 'IN', 'ID', 'IE', 'IL', 'KZ', 'KE', 'KW', 'LB', 'LT', 'LU', 'MG', 'MY', 'MX', 'NL', 'NZ', 'NG', 'NO', 'OM', 'PK', 'PA', 'PE', 'PH', 'PL', 'PT', 'QA', 'RO', 'SA', 'SG', 'SK', 'SI', 'ZA', 'ES', 'LK', 'SE', 'CH', 'TW', 'TH', 'TN', 'TR', 'UA', 'AE', 'UY', 'UZ', 'VE', 'VN']",4846,
33,"['Infrequent/Mild Cartoon or Fantasy Violence', 'Infrequent/Mild Realistic Violence']",1494294554.0,1494294554.0,/ios/us/madbox/app/parkour-race-freerun-game/1494294554/,,,com.severine.freerace,,US,"[6014, 7001, 7003]",12+,3.0,2020-02-17T00:00:00Z,,,1055.0,Parkour Race,"{'downloads': 1000, 'downloads_rounded': 5, 'prefix': '< ', 'string': '< 5k', 'units': 'k'}","{'prefix': '< $', 'revenue': 1000, 'revenue_rounded': 5, 'string': '< $5k', 'units': 'k'}",https://is5-ssl.mzstatic.com/image/thumb/Purple114/v4/15/61/0b/15610b0b-0f4e-7c0c-f27f-d5a410c16c11/AppIcon-0-0-1x_U007emarketing-0-0-0-7-0-0-sRGB-0-0-0-GLES2_U002c0-512MB-85-220-0-0.png/150x150bb.png,https://is5-ssl.mzstatic.com/image/thumb/Purple114/v4/15/61/0b/15610b0b-0f4e-7c0c-f27f-d5a410c16c11/AppIcon-0-0-1x_U007emarketing-0-0-0-7-0-0-sRGB-0-0-0-GLES2_U002c0-512MB-85-220-0-0.png/150x150bb.png,https://is5-ssl.mzstatic.com/image/thumb/Purple114/v4/15/61/0b/15610b0b-0f4e-7c0c-f27f-d5a410c16c11/AppIcon-0-0-1x_U007emarketing-0-0-0-7-0-0-sRGB-0-0-0-GLES2_U002c0-512MB-85-220-0-0.png/150x150bb.png,1494294554.0,,,,Parkour Race - Freerun Game,ios,0.0,https://madbox.io/privacy-policy,,France,,981448700.0,MADBOX,/ios/publisher/madbox/981448700,12.0,4.5,994.0,897.0,5.0,2020-01-28T19:57:26Z,,,https://madbox.io/contact,2020-02-19T00:00:00Z,https://apps.apple.com/US/app/id1494294554?l=en,"['US', 'AU', 'CA', 'CN', 'FR', 'DE', 'GB', 'IT', 'JP', 'KR', 'RU', 'DZ', 'AO', 'AR', 'AT', 'AZ', 'BB', 'BY', 'BE', 'BM', 'BR', 'BG', 'CL', 'CO', 'CR', 'HR', 'CZ', 'DK', 'DO', 'EC', 'EG', 'SV', 'FI', 'GH', 'GR', 'GT', 'HK', 'HU', 'IN', 'ID', 'IE', 'IL', 'KZ', 'KE', 'KW', 'LB', 'LT', 'LU', 'MO', 'MG', 'MY', 'MX', 'NL', 'NZ', 'NG', 'NO', 'OM', 'PK', 'PA', 'PE', 'PH', 'PL', 'PT', 'QA', 'RO', 'SA', 'SG', 'SK', 'SI', 'ZA', 'ES', 'LK', 'SE', 'CH', 'TW', 'TH', 'TN', 'TR', 'UA', 'AE', 'UY', 'UZ', 'VE', 'VN']",1.2.2,https://madbox.io/privacy-policy
34,[],606310581.0,606310581.0,/ios/us/lightricks-ltd/app/facetune/606310581/,,,com.lightricks.Facetune,True,US,"[6008, 6012]",4+,0.0,2020-02-17T00:00:00Z,,,298534.0,Facetune,"{'downloads': 30000, 'downloads_rounded': 30, 'prefix': None, 'string': '30k', 'units': 'k'}","{'prefix': '$', 'revenue': 200000, 'revenue_rounded': 200, 'string': '$200k', 'units': 'k'}",https://is5-ssl.mzstatic.com/image/thumb/Purple113/v4/4a/e4/ef/4ae4efa3-50b1-a4f5-5fa5-36cc08620770/AppIcon-0-0-1x_U007emarketing-0-0-0-3-0-85-220.png/150x150bb.png,https://is5-ssl.mzstatic.com/image/thumb/Purple113/v4/4a/e4/ef/4ae4efa3-50b1-a4f5-5fa5-36cc08620770/AppIcon-0-0-1x_U007emarketing-0-0-0-3-0-85-220.png/150x150bb.png,https://is5-ssl.mzstatic.com/image/thumb/Purple113/v4/4a/e4/ef/4ae4efa3-50b1-a4f5-5fa5-36cc08620770/AppIcon-0-0-1x_U007emarketing-0-0-0-3-0-85-220.png/150x150bb.png,606310581.0,,,,Facetune,ios,3.99,http://www.facetuneapp.com/files/facetune-privacy.pdf,,Israel,,606310584.0,Lightricks Ltd.,/ios/publisher/lightricks-ltd/606310584,12.0,5.0,127979.0,11126.0,5.0,2013-03-07T08:00:00Z,,True,http://www.facetuneapp.com,2019-11-09T00:00:00Z,https://apps.apple.com/US/app/id606310581?l=en,"['US', 'AU', 'CA', 'CN', 'FR', 'DE', 'GB', 'IT', 'JP', 'KR', 'RU', 'DZ', 'AO', 'AR', 'AT', 'AZ', 'BB', 'BY', 'BE', 'BM', 'BR', 'BG', 'CL', 'CO', 'CR', 'HR', 'CZ', 'DK', 'DO', 'EC', 'EG', 'SV', 'FI', 'GH', 'GR', 'GT', 'HK', 'HU', 'IN', 'ID', 'IE', 'IL', 'KZ', 'KE', 'KW', 'LB', 'LT', 'LU', 'MO', 'MG', 'MY', 'MX', 'NL', 'NZ', 'NG', 'NO', 'OM', 'PK', 'PA', 'PE', 'PH', 'PL', 'PT', 'QA', 'RO', 'SA', 'SG', 'SK', 'SI', 'ZA', 'ES', 'LK', 'SE', 'CH', 'TW', 'TH', 'TN', 'TR', 'UA', 'AE', 'UY', 'UZ', 'VE', 'VN']",2.7.6,http://www.facetuneapp.com
35,['Infrequent/Mild Cartoon or Fantasy Violence'],529479190.0,529479190.0,/ios/us/supercell/app/clash-of-clans/529479190/,,,com.supercell.magic,True,US,"[6014, 7001, 6016, 7017]",9+,-2.0,2020-02-17T00:00:00Z,https://itunes.apple.com/WebObjects/MZStore.woa/wa/viewEula?cc=ae&id=529479190,,11849608.0,Clash of Clans,"{'downloads': 1000000, 'downloads_rounded': 1, 'prefix': None, 'string': '1m', 'units': 'm'}","{'prefix': '$', 'revenue': 30000000, 'revenue_rounded': 30, 'string': '$30m', 'units': 'm'}",https://is1-ssl.mzstatic.com/image/thumb/Purple123/v4/c2/bf/c6/c2bfc64d-0300-4b9d-09a1-dfd663a2661c/AppIcon-0-0-1x_U007emarketing-0-0-0-6-0-85-220.png/150x150bb.png,https://is1-ssl.mzstatic.com/image/thumb/Purple123/v4/c2/bf/c6/c2bfc64d-0300-4b9d-09a1-dfd663a2661c/AppIcon-0-0-1x_U007emarketing-0-0-0-6-0-85-220.png/150x150bb.png,https://is1-ssl.mzstatic.com/image/thumb/Purple123/v4/c2/bf/c6/c2bfc64d-0300-4b9d-09a1-dfd663a2661c/AppIcon-0-0-1x_U007emarketing-0-0-0-6-0-85-220.png/150x150bb.png,529479190.0,,,True,Clash of Clans,ios,0.0,https://supercell.com/privacy-policy/,,Finland,,488106216.0,Supercell,/ios/publisher/supercell/488106216,12.0,4.5,3270267.0,699.0,5.0,2012-08-02T08:24:58Z,,True,https://supercell.helpshift.com/a/clash-of-clans/,2020-02-19T00:00:00Z,https://apps.apple.com/US/app/id529479190?l=en,"['US', 'AU', 'CA', 'CN', 'FR', 'DE', 'GB', 'IT', 'JP', 'KR', 'RU', 'DZ', 'AO', 'AR', 'AT', 'AZ', 'BB', 'BY', 'BE', 'BM', 'BR', 'BG', 'CL', 'CO', 'CR', 'HR', 'CZ', 'DK', 'DO', 'EC', 'EG', 'SV', 'FI', 'GH', 'GR', 'GT', 'HK', 'HU', 'IN', 'ID', 'IE', 'IL', 'KZ', 'KE', 'KW', 'LB', 'LT', 'LU', 'MO', 'MG', 'MY', 'MX', 'NL', 'NZ', 'NG', 'NO', 'OM', 'PK', 'PA', 'PE', 'PH', 'PL', 'PT', 'QA', 'RO', 'SA', 'SG', 'SK', 'SI', 'ZA', 'ES', 'LK', 'SE', 'CH', 'TW', 'TH', 'TN', 'TR', 'UA', 'AE', 'UY', 'UZ', 'VE']",13.0.31,
36,[],422689480.0,422689480.0,/ios/us/google-llc/app/gmail-email-by-google/422689480/,,,com.google.Gmail,True,US,"[6007, 6005]",4+,1.0,2020-02-17T00:00:00Z,https://itunes.apple.com/WebObjects/MZStore.woa/wa/viewEula?cc=vn&id=422689480,https://is2-ssl.mzstatic.com/image/thumb/Features124/v4/d0/12/cb/d012cbc7-5f6b-c3a1-0a62-3713e446baab/source/4320x1080.png,977764.0,Gmail - Email,"{'downloads': 7000000, 'downloads_rounded': 7, 'prefix': None, 'string': '7m', 'units': 'm'}","{'prefix': '< $', 'revenue': 1000, 'revenue_rounded': 5, 'string': '< $5k', 'units': 'k'}",https://is3-ssl.mzstatic.com/image/thumb/Purple114/v4/d3/e1/50/d3e150b6-9808-305a-dd07-2b221f10965e/logo_gmail_color-0-0-1x_U007emarketing-0-0-0-6-0-0-sRGB-0-0-0-GLES2_U002c0-512MB-85-220-0-0.png/150x150bb.png,https://is3-ssl.mzstatic.com/image/thumb/Purple114/v4/d3/e1/50/d3e150b6-9808-305a-dd07-2b221f10965e/logo_gmail_color-0-0-1x_U007emarketing-0-0-0-6-0-0-sRGB-0-0-0-GLES2_U002c0-512MB-85-220-0-0.png/150x150bb.png,https://is3-ssl.mzstatic.com/image/thumb/Purple114/v4/d3/e1/50/d3e150b6-9808-305a-dd07-2b221f10965e/logo_gmail_color-0-0-1x_U007emarketing-0-0-0-6-0-0-sRGB-0-0-0-GLES2_U002c0-512MB-85-220-0-0.png/150x150bb.png,422689480.0,,,,Gmail - Email by Google,ios,0.0,https://privacy.google.com.vn/,,US,,281956209.0,Google LLC,/ios/publisher/google-llc/281956209,13.0,4.0,305900.0,225.0,4.0,2011-11-02T17:13:30Z,,True,http://google.com/support/mobile/go/gmailiosapp,2020-02-18T00:00:00Z,https://apps.apple.com/US/app/id422689480?l=en,"['US', 'AU', 'CA', 'CN', 'FR', 'DE', 'GB', 'IT', 'JP', 'KR', 'RU', 'DZ', 'AO', 'AR', 'AT', 'AZ', 'BB', 'BY', 'BE', 'BM', 'BR', 'BG', 'CL', 'CO', 'CR', 'HR', 'CZ', 'DK', 'DO', 'EC', 'EG', 'SV', 'FI', 'GH', 'GR', 'GT', 'HK', 'HU', 'IN', 'ID', 'IE', 'IL', 'KZ', 'KE', 'KW', 'LB', 'LT', 'LU', 'MO', 'MG', 'MY', 'MX', 'NL', 'NZ', 'NG', 'NO', 'OM', 'PK', 'PA', 'PE', 'PH', 'PL', 'PT', 'QA', 'RO', 'SA', 'SG', 'SK', 'SI', 'ZA', 'ES', 'LK', 'SE', 'CH', 'TW', 'TH', 'TN', 'TR', 'UA', 'AE', 'UY', 'UZ', 'VE', 'VN']",6.0.200126,https://mail.google.com
37,[],1164801111.0,1164801111.0,/ios/us/tantsissa/app/autosleep-track-sleep-on-watch/1164801111/,True,https://is3-ssl.mzstatic.com/image/thumb/Purple113/v4/05/42/8a/05428a8d-d8f7-c4d9-65c5-cd1c9a2e0e85/AppIcon-0-0-1x_U007emarketing-0-0-0-9-0-0-sRGB-0-0-0-GLES2_U002c0-512MB-85-220-0-0.png/150x150bb.png,com.tantsissa.AutoSleep,,US,"[6013, 6020]",4+,1.0,2020-02-17T00:00:00Z,,,73792.0,AutoSleep Track Sleep,"{'downloads': 40000, 'downloads_rounded': 40, 'prefix': None, 'string': '40k', 'units': 'k'}","{'prefix': '$', 'revenue': 200000, 'revenue_rounded': 200, 'string': '$200k', 'units': 'k'}",https://is1-ssl.mzstatic.com/image/thumb/Purple123/v4/27/99/d8/2799d848-c85c-22aa-c4e5-d15b6bdde313/AppIcon-0-0-1x_U007emarketing-0-0-0-2-0-0-sRGB-0-0-0-GLES2_U002c0-512MB-85-220-0-0.png/150x150bb.png,https://is1-ssl.mzstatic.com/image/thumb/Purple123/v4/27/99/d8/2799d848-c85c-22aa-c4e5-d15b6bdde313/AppIcon-0-0-1x_U007emarketing-0-0-0-2-0-0-sRGB-0-0-0-GLES2_U002c0-512MB-85-220-0-0.png/150x150bb.png,https://is1-ssl.mzstatic.com/image/thumb/Purple123/v4/27/99/d8/2799d848-c85c-22aa-c4e5-d15b6bdde313/AppIcon-0-0-1x_U007emarketing-0-0-0-2-0-0-sRGB-0-0-0-GLES2_U002c0-512MB-85-220-0-0.png/150x150bb.png,1164801111.0,,,,AutoSleep Track Sleep on Watch,ios,2.99,http://autosleep.tantsissa.com/privacy,,,,861650887.0,Tantsissa,/ios/publisher/tantsissa/861650887,13.0,4.5,25579.0,4241.0,4.5,2016-12-20T04:18:30Z,,True,http://autosleep.tantsissa.com/support,2019-11-21T00:00:00Z,https://apps.apple.com/US/app/id1164801111?l=en,"['US', 'AU', 'CA', 'CN', 'FR', 'DE', 'GB', 'IT', 'JP', 'KR', 'RU', 'DZ', 'AO', 'AR', 'AT', 'AZ', 'BB', 'BY', 'BE', 'BM', 'BR', 'BG', 'CL', 'CO', 'CR', 'HR', 'CZ', 'DK', 'DO', 'EC', 'EG', 'SV', 'FI', 'GH', 'GR', 'GT', 'HK', 'HU', 'IN', 'ID', 'IE', 'IL', 'KZ', 'KE', 'KW', 'LB', 'LT', 'LU', 'MO', 'MG', 'MY', 'MX', 'NL', 'NZ', 'NG', 'NO', 'OM', 'PK', 'PA', 'PE', 'PH', 'PL', 'PT', 'QA', 'RO', 'SA', 'SG', 'SK', 'SI', 'ZA', 'ES', 'LK', 'SE', 'CH', 'TW', 'TH', 'TN', 'TR', 'UA', 'AE', 'UY', 'UZ', 'VE', 'VN']",6.3.1,http://autosleep.tantsissa.com/
38,[],1105855019.0,1105855019.0,/ios/us/playrix/app/gardenscapes/1105855019/,,,com.playrix.gardenscapes-m3-ios,True,US,"[6014, 6016, 7012, 7015]",4+,-1.0,2020-02-17T00:00:00Z,https://itunes.apple.com/WebObjects/MZStore.woa/wa/viewEula?cc=vn&id=1105855019,,2130904.0,Gardenscapes,"{'downloads': 3000000, 'downloads_rounded': 3, 'prefix': None, 'string': '3m', 'units': 'm'}","{'prefix': '$', 'revenue': 23000000, 'revenue_rounded': 23, 'string': '$23m', 'units': 'm'}",https://is2-ssl.mzstatic.com/image/thumb/Purple123/v4/5c/78/f9/5c78f9e3-0c96-5a7e-eafb-4740f9a609d7/AppIcon-0-0-1x_U007emarketing-0-0-0-10-0-85-220.png/150x150bb.png,https://is2-ssl.mzstatic.com/image/thumb/Purple123/v4/5c/78/f9/5c78f9e3-0c96-5a7e-eafb-4740f9a609d7/AppIcon-0-0-1x_U007emarketing-0-0-0-10-0-85-220.png/150x150bb.png,https://is2-ssl.mzstatic.com/image/thumb/Purple123/v4/5c/78/f9/5c78f9e3-0c96-5a7e-eafb-4740f9a609d7/AppIcon-0-0-1x_U007emarketing-0-0-0-10-0-85-220.png/150x150bb.png,1105855019.0,True,https://is2-ssl.mzstatic.com/image/thumb/Purple113/v4/82/d9/e0/82d9e02c-95a0-aa34-1001-9b3a90daf86e/iMessageAppIcon-0-0-1x_U007emarketing-0-0-0-0-0-0-sRGB-0-0-0-GLES2_U002c0-512MB-85-181-0-0.png/768x1024bb.png,True,Gardenscapes,ios,0.0,https://www.playrix.com/privacy/index.html,,Russia,,1162116447.0,Playrix,/ios/publisher/playrix/1162116447,13.0,4.5,376657.0,24268.0,4.5,2016-08-25T04:13:46Z,,True,https://playrix.helpshift.com/a/gardenscapes/?p=web,2020-01-27T00:00:00Z,https://apps.apple.com/US/app/id1105855019?l=en,"['US', 'AU', 'CA', 'CN', 'FR', 'DE', 'GB', 'IT', 'JP', 'KR', 'RU', 'DZ', 'AO', 'AR', 'AT', 'AZ', 'BB', 'BY', 'BE', 'BM', 'BR', 'BG', 'CL', 'CO', 'CR', 'HR', 'CZ', 'DK', 'DO', 'EC', 'EG', 'SV', 'FI', 'GH', 'GR', 'GT', 'HK', 'HU', 'IN', 'ID', 'IE', 'IL', 'KZ', 'KE', 'KW', 'LB', 'LT', 'LU', 'MO', 'MG', 'MY', 'MX', 'NL', 'NZ', 'NG', 'NO', 'OM', 'PK', 'PA', 'PE', 'PH', 'PL', 'PT', 'QA', 'RO', 'SA', 'SG', 'SK', 'SI', 'ZA', 'ES', 'LK', 'SE', 'CH', 'TW', 'TH', 'TN', 'TR', 'UA', 'AE', 'UY', 'UZ', 'VE', 'VN']",4.1.0,https://www.playrix.com/gardenscapes/index.html
39,"['Infrequent/Mild Sexual Content and Nudity', 'Infrequent/Mild Profanity or Crude Humor', 'Infrequent/Mild Mature/Suggestive Themes', 'Infrequent/Mild Alcohol, Tobacco, or Drug Use or References']",284882215.0,284882215.0,/ios/us/facebook-inc/app/facebook/284882215/,,,com.facebook.Facebook,True,US,[6005],12+,2.0,2020-02-17T00:00:00Z,https://itunes.apple.com/WebObjects/MZStore.woa/wa/viewEula?cc=vn&id=284882215,,8594997.0,Facebook,"{'downloads': 9000000, 'downloads_rounded': 9, 'prefix': None, 'string': '9m', 'units': 'm'}","{'prefix': '$', 'revenue': 1000000, 'revenue_rounded': 1, 'string': '$1m', 'units': 'm'}",https://is3-ssl.mzstatic.com/image/thumb/Purple114/v4/47/72/0c/47720c48-9bff-c435-1397-e716e12d6187/Icon-Production-0-0-1x_U007emarketing-0-0-0-7-0-0-sRGB-0-0-0-GLES2_U002c0-512MB-85-220-0-0.png/150x150bb.png,https://is3-ssl.mzstatic.com/image/thumb/Purple114/v4/47/72/0c/47720c48-9bff-c435-1397-e716e12d6187/Icon-Production-0-0-1x_U007emarketing-0-0-0-7-0-0-sRGB-0-0-0-GLES2_U002c0-512MB-85-220-0-0.png/150x150bb.png,https://is3-ssl.mzstatic.com/image/thumb/Purple114/v4/47/72/0c/47720c48-9bff-c435-1397-e716e12d6187/Icon-Production-0-0-1x_U007emarketing-0-0-0-7-0-0-sRGB-0-0-0-GLES2_U002c0-512MB-85-220-0-0.png/150x150bb.png,284882215.0,,,True,Facebook,ios,0.0,http://www.facebook.com/about/privacy/,,US,,284882218.0,"Facebook, Inc.",/ios/publisher/facebook-inc/284882218,14.0,3.5,3362166.0,2376.0,3.5,2008-07-11T07:00:00Z,,True,http://www.facebook.com/help/?page=18834,2020-02-13T00:00:00Z,https://apps.apple.com/US/app/id284882215?l=en,"['US', 'AU', 'CA', 'CN', 'FR', 'DE', 'GB', 'IT', 'JP', 'KR', 'RU', 'DZ', 'AO', 'AR', 'AT', 'AZ', 'BB', 'BY', 'BE', 'BM', 'BR', 'BG', 'CL', 'CO', 'CR', 'HR', 'CZ', 'DK', 'DO', 'EC', 'EG', 'SV', 'FI', 'GH', 'GR', 'GT', 'HK', 'HU', 'IN', 'ID', 'IE', 'IL', 'KZ', 'KE', 'KW', 'LB', 'LT', 'LU', 'MO', 'MG', 'MY', 'MX', 'NL', 'NZ', 'NG', 'NO', 'OM', 'PK', 'PA', 'PE', 'PH', 'PL', 'PT', 'QA', 'RO', 'SA', 'SG', 'SK', 'SI', 'ZA', 'ES', 'LK', 'SE', 'CH', 'TW', 'TH', 'TN', 'TR', 'UA', 'AE', 'UY', 'UZ', 'VE', 'VN']",257.0,http://www.facebook.com/mobile
40,[],549105915.0,549105915.0,/ios/us/true-axis/app/true-skate/549105915/,,,com.trueaxis.skate,True,US,"[6014, 6016, 7016, 7001]",4+,1.0,2020-02-17T00:00:00Z,,https://is1-ssl.mzstatic.com/image/thumb/Features127/v4/51/a3/f5/51a3f5fc-c519-b2be-ce03-a3ea9b4c6ad9/source/4320x1080.png,42383.0,True Skate,"{'downloads': 30000, 'downloads_rounded': 30, 'prefix': None, 'string': '30k', 'units': 'k'}","{'prefix': '$', 'revenue': 200000, 'revenue_rounded': 200, 'string': '$200k', 'units': 'k'}",https://is1-ssl.mzstatic.com/image/thumb/Purple123/v4/c3/d9/bd/c3d9bd8d-2118-7463-bd6c-e319ad7f8036/AppIcon-0-0-1x_U007emarketing-0-0-0-4-85-220.png/150x150bb.png,https://is1-ssl.mzstatic.com/image/thumb/Purple123/v4/c3/d9/bd/c3d9bd8d-2118-7463-bd6c-e319ad7f8036/AppIcon-0-0-1x_U007emarketing-0-0-0-4-85-220.png/150x150bb.png,https://is1-ssl.mzstatic.com/image/thumb/Purple123/v4/c3/d9/bd/c3d9bd8d-2118-7463-bd6c-e319ad7f8036/AppIcon-0-0-1x_U007emarketing-0-0-0-4-85-220.png/150x150bb.png,549105915.0,,,True,True Skate,ios,1.99,http://trueaxis.com/tsspp.html,,Australia,,337866373.0,True Axis,/ios/publisher/true-axis/337866373,14.0,4.0,14525.0,111.0,3.5,2012-10-18T07:00:00Z,,True,http://trueaxis.com/supporttrueskateios.html,2020-01-23T00:00:00Z,https://apps.apple.com/US/app/id549105915?l=en,"['US', 'AU', 'CA', 'CN', 'FR', 'DE', 'GB', 'IT', 'JP', 'KR', 'RU', 'DZ', 'AO', 'AR', 'AT', 'AZ', 'BB', 'BY', 'BE', 'BM', 'BR', 'BG', 'CL', 'CO', 'CR', 'HR', 'CZ', 'DK', 'DO', 'EC', 'EG', 'SV', 'FI', 'GH', 'GR', 'GT', 'HK', 'HU', 'IN', 'ID', 'IE', 'IL', 'KZ', 'KE', 'KW', 'LB', 'LT', 'LU', 'MO', 'MG', 'MY', 'MX', 'NL', 'NZ', 'NG', 'NO', 'OM', 'PK', 'PA', 'PE', 'PH', 'PL', 'PT', 'QA', 'RO', 'SA', 'SG', 'SK', 'SI', 'ZA', 'ES', 'LK', 'SE', 'CH', 'TW', 'TH', 'TN', 'TR', 'UA', 'AE', 'UY', 'UZ', 'VE', 'VN']",1.5.13,http://trueskate.com
41,[],1195621598.0,1195621598.0,/ios/us/playrix/app/homescapes/1195621598/,,,com.playrix.gardenscapes-sweethome,True,US,"[6014, 6016, 7012, 7015]",4+,0.0,2020-02-17T00:00:00Z,https://itunes.apple.com/WebObjects/MZStore.woa/wa/viewEula?cc=vn&id=1195621598,,2619387.0,Homescapes,"{'downloads': 6000000, 'downloads_rounded': 6, 'prefix': None, 'string': '6m', 'units': 'm'}","{'prefix': '$', 'revenue': 25000000, 'revenue_rounded': 25, 'string': '$25m', 'units': 'm'}",https://is2-ssl.mzstatic.com/image/thumb/Purple113/v4/8c/38/56/8c38562c-1621-b055-171a-0e1b3ea6ce26/AppIcon-0-0-1x_U007emarketing-0-0-0-10-0-85-220.png/150x150bb.png,https://is2-ssl.mzstatic.com/image/thumb/Purple113/v4/8c/38/56/8c38562c-1621-b055-171a-0e1b3ea6ce26/AppIcon-0-0-1x_U007emarketing-0-0-0-10-0-85-220.png/150x150bb.png,https://is2-ssl.mzstatic.com/image/thumb/Purple113/v4/8c/38/56/8c38562c-1621-b055-171a-0e1b3ea6ce26/AppIcon-0-0-1x_U007emarketing-0-0-0-10-0-85-220.png/150x150bb.png,1195621598.0,,,True,Homescapes,ios,0.0,https://www.playrix.com/privacy/index.html,,Russia,,1162116447.0,Playrix,/ios/publisher/playrix/1162116447,14.0,4.5,528876.0,21499.0,4.5,2017-09-19T10:45:36Z,,True,https://playrix.helpshift.com/a/homescapes/?p=web,2020-01-22T00:00:00Z,https://apps.apple.com/US/app/id1195621598?l=en,"['US', 'AU', 'CA', 'CN', 'FR', 'DE', 'GB', 'IT', 'JP', 'KR', 'RU', 'DZ', 'AO', 'AR', 'AT', 'AZ', 'BB', 'BY', 'BE', 'BM', 'BR', 'BG', 'CL', 'CO', 'CR', 'HR', 'CZ', 'DK', 'DO', 'EC', 'EG', 'SV', 'FI', 'GH', 'GR', 'GT', 'HK', 'HU', 'IN', 'ID', 'IE', 'IL', 'KZ', 'KE', 'KW', 'LB', 'LT', 'LU', 'MO', 'MG', 'MY', 'MX', 'NL', 'NZ', 'NG', 'NO', 'OM', 'PK', 'PA', 'PE', 'PH', 'PL', 'PT', 'QA', 'RO', 'SA', 'SG', 'SK', 'SI', 'ZA', 'ES', 'LK', 'SE', 'CH', 'TW', 'TH', 'TN', 'TR', 'UA', 'AE', 'UY', 'UZ', 'VE', 'VN']",3.3.4,https://www.playrix.com/homescapes/index.html
42,"['Infrequent/Mild Simulated Gambling', 'Infrequent/Mild Realistic Violence', 'Infrequent/Mild Cartoon or Fantasy Violence', 'Infrequent/Mild Alcohol, Tobacco, or Drug Use or References', 'Infrequent/Mild Horror/Fear Themes', 'Infrequent/Mild Mature/Suggestive Themes', 'Infrequent/Mild Medical/Treatment Information', 'Infrequent/Mild Sexual Content and Nudity']",1492451796.0,1492451796.0,/ios/us/voodoo/app/woodturning-3d/1492451796/,,,com.BallGames.Woodturning,,US,"[6014, 7015, 7003]",12+,-4.0,2020-02-17T00:00:00Z,,,120128.0,Woodturning 3D,"{'downloads': 9000000, 'downloads_rounded': 9, 'prefix': None, 'string': '9m', 'units': 'm'}","{'prefix': '$', 'revenue': 30000, 'revenue_rounded': 30, 'string': '$30k', 'units': 'k'}",https://is3-ssl.mzstatic.com/image/thumb/Purple124/v4/4b/31/6d/4b316d28-b9b1-d711-af56-5823a1475dc0/AppIcon-0-0-1x_U007emarketing-0-0-0-7-0-85-220.png/150x150bb.png,https://is3-ssl.mzstatic.com/image/thumb/Purple124/v4/4b/31/6d/4b316d28-b9b1-d711-af56-5823a1475dc0/AppIcon-0-0-1x_U007emarketing-0-0-0-7-0-85-220.png/150x150bb.png,https://is3-ssl.mzstatic.com/image/thumb/Purple124/v4/4b/31/6d/4b316d28-b9b1-d711-af56-5823a1475dc0/AppIcon-0-0-1x_U007emarketing-0-0-0-7-0-85-220.png/150x150bb.png,1492451796.0,,,True,Woodturning 3D,ios,0.0,http://voodoo.io/privacy,,France,,714804730.0,Voodoo,/ios/publisher/voodoo/714804730,15.0,4.5,38232.0,5459.0,4.5,2019-12-20T19:36:24Z,,,http://voodoo.io,2020-02-13T00:00:00Z,https://apps.apple.com/US/app/id1492451796?l=en,"['US', 'AU', 'CA', 'CN', 'FR', 'DE', 'GB', 'IT', 'JP', 'KR', 'RU', 'DZ', 'AO', 'AR', 'AT', 'AZ', 'BB', 'BY', 'BE', 'BM', 'BR', 'BG', 'CL', 'CO', 'CR', 'HR', 'CZ', 'DK', 'DO', 'EC', 'EG', 'SV', 'FI', 'GH', 'GR', 'GT', 'HK', 'HU', 'IN', 'ID', 'IE', 'IL', 'KZ', 'KE', 'KW', 'LB', 'LT', 'LU', 'MO', 'MG', 'MY', 'MX', 'NL', 'NZ', 'NG', 'NO', 'OM', 'PK', 'PA', 'PE', 'PH', 'PL', 'PT', 'QA', 'RO', 'SA', 'SG', 'SK', 'SI', 'ZA', 'ES', 'LK', 'SE', 'CH', 'TW', 'TH', 'TN', 'TR', 'UA', 'AE', 'UY', 'UZ', 'VE', 'VN']",1.4,https://www.voodoo.io/
43,"['Frequent/Intense Mature/Suggestive Themes', 'Frequent/Intense Realistic Violence', 'Infrequent/Mild Sexual Content and Nudity', 'Frequent/Intense Cartoon or Fantasy Violence', 'Frequent/Intense Alcohol, Tobacco, or Drug Use or References', 'Frequent/Intense Simulated Gambling', 'Frequent/Intense Profanity or Crude Humor']",763692274.0,763692274.0,/ios/us/rockstar-games/app/grand-theft-auto-san-andreas/763692274/,,,com.rockstargames.gta3sa,,US,"[6014, 6016, 7002, 7001]",17+,1.0,2020-02-17T00:00:00Z,https://itunes.apple.com/WebObjects/MZStore.woa/wa/viewEula?cc=vn&id=763692274,https://is2-ssl.mzstatic.com/image/thumb/Features127/v4/6a/1b/0c/6a1b0c67-bfb1-7236-8550-7added3382e1/source/4320x1080.png,188580.0,Grand Theft Auto,"{'downloads': 40000, 'downloads_rounded': 40, 'prefix': None, 'string': '40k', 'units': 'k'}","{'prefix': '$', 'revenue': 400000, 'revenue_rounded': 400, 'string': '$400k', 'units': 'k'}",https://is2-ssl.mzstatic.com/image/thumb/Purple123/v4/6d/92/8a/6d928aa4-847e-5692-8c07-72f772b271a7/AppIcon-2-0-1x_U007emarketing-0-85-220-10.png/150x150bb.png,https://is2-ssl.mzstatic.com/image/thumb/Purple123/v4/6d/92/8a/6d928aa4-847e-5692-8c07-72f772b271a7/AppIcon-2-0-1x_U007emarketing-0-85-220-10.png/150x150bb.png,https://is2-ssl.mzstatic.com/image/thumb/Purple123/v4/6d/92/8a/6d928aa4-847e-5692-8c07-72f772b271a7/AppIcon-2-0-1x_U007emarketing-0-85-220-10.png/150x150bb.png,763692274.0,,,,Grand Theft Auto: San Andreas,ios,6.99,http://www.rockstargames.com/privacy,,Spain,,330049731.0,Rockstar Games,/ios/publisher/rockstar-games/330049731,15.0,4.5,63259.0,13926.0,4.5,2013-12-12T08:00:00Z,,True,http://support.rockstargames.com,2019-04-12T00:00:00Z,https://apps.apple.com/US/app/id763692274?l=en,"['US', 'AU', 'CA', 'CN', 'FR', 'GB', 'IT', 'JP', 'RU', 'DZ', 'AO', 'AR', 'AT', 'AZ', 'BB', 'BY', 'BE', 'BM', 'BG', 'CL', 'CO', 'CR', 'HR', 'CZ', 'DK', 'DO', 'EC', 'EG', 'SV', 'FI', 'GH', 'GR', 'GT', 'HK', 'HU', 'IN', 'ID', 'IE', 'IL', 'KZ', 'KE', 'KW', 'LB', 'LT', 'LU', 'MO', 'MG', 'MY', 'MX', 'NL', 'NZ', 'NG', 'NO', 'OM', 'PK', 'PA', 'PE', 'PH', 'PL', 'PT', 'QA', 'RO', 'SG', 'SK', 'SI', 'ZA', 'ES', 'LK', 'SE', 'CH', 'TW', 'TH', 'TN', 'TR', 'UA', 'UY', 'UZ', 'VE', 'VN']",2.2,http://www.rockstargames.com/sanandreas
44,['Frequent/Intense Simulated Gambling'],447553564.0,447553564.0,/ios/us/playtika-ltd/app/slotomania-vegas-casino-slots/447553564/,,,com.playtika.slotomania,True,US,"[6014, 7006, 6016, 7005]",17+,1.0,2020-02-17T00:00:00Z,,https://is3-ssl.mzstatic.com/image/thumb/Features117/v4/eb/00/62/eb006229-6fbb-eefa-45c0-448d5b513ca8/source/4320x1080.png,546066.0,Slotomania Vegas Casino Slots,"{'downloads': 80000, 'downloads_rounded': 80, 'prefix': None, 'string': '80k', 'units': 'k'}","{'prefix': '$', 'revenue': 14000000, 'revenue_rounded': 14, 'string': '$14m', 'units': 'm'}",https://is3-ssl.mzstatic.com/image/thumb/Purple114/v4/16/70/05/16700523-f6d2-6b4b-a0c6-1570d48bd149/AppIcons-0-1x_U007emarketing-0-85-220-0-7.png/150x150bb.png,https://is3-ssl.mzstatic.com/image/thumb/Purple114/v4/16/70/05/16700523-f6d2-6b4b-a0c6-1570d48bd149/AppIcons-0-1x_U007emarketing-0-85-220-0-7.png/150x150bb.png,https://is3-ssl.mzstatic.com/image/thumb/Purple114/v4/16/70/05/16700523-f6d2-6b4b-a0c6-1570d48bd149/AppIcons-0-1x_U007emarketing-0-85-220-0-7.png/150x150bb.png,447553564.0,,,True,Slotomania™ Vegas Casino Slots,ios,0.0,http://playtika.com/privacy-policy.html,,Israel,,447553567.0,Playtika LTD,/ios/publisher/playtika-ltd/447553567,15.0,4.5,323901.0,1143.0,4.5,2011-11-07T14:33:35Z,,True,https://playtikaprod.service-now.com/slotomania_support_pc_main.do,2020-02-17T00:00:00Z,https://apps.apple.com/US/app/id447553564?l=en,"['US', 'AU', 'CA', 'FR', 'DE', 'GB', 'IT', 'JP', 'RU', 'DZ', 'AO', 'AR', 'AT', 'AZ', 'BB', 'BY', 'BE', 'BM', 'BR', 'BG', 'CL', 'CO', 'CR', 'HR', 'CZ', 'DK', 'DO', 'EC', 'EG', 'SV', 'FI', 'GH', 'GR', 'GT', 'HK', 'HU', 'IN', 'ID', 'IE', 'IL', 'KZ', 'KE', 'KW', 'LB', 'LT', 'LU', 'MO', 'MG', 'MY', 'MX', 'NL', 'NZ', 'NO', 'OM', 'PK', 'PA', 'PE', 'PH', 'PL', 'PT', 'QA', 'RO', 'SA', 'SG', 'SK', 'SI', 'ZA', 'ES', 'LK', 'SE', 'CH', 'TH', 'TN', 'TR', 'UA', 'AE', 'UY', 'UZ', 'VE', 'VN']",3.29.1,http://playtika.com
45,[],711923939.0,711923939.0,/ios/us/square-inc/app/cash-app/711923939/,,,com.squareup.cash,True,US,"[6015, 6000]",4+,1.0,2020-02-17T00:00:00Z,https://itunes.apple.com/WebObjects/MZStore.woa/wa/viewEula?cc=us&id=711923939,,332084.0,Cash App,"{'downloads': 2000000, 'downloads_rounded': 2, 'prefix': None, 'string': '2m', 'units': 'm'}","{'prefix': '< $', 'revenue': 1000, 'revenue_rounded': 5, 'string': '< $5k', 'units': 'k'}",https://is3-ssl.mzstatic.com/image/thumb/Purple124/v4/a7/c4/cf/a7c4cfcb-0145-607a-93c9-9cd9b9ccf7c3/AppIcon-0-1x_U007emarketing-0-0-GLES2_U002c0-512MB-sRGB-0-0-0-85-220-0-0-0-7.png/150x150bb.png,https://is3-ssl.mzstatic.com/image/thumb/Purple124/v4/a7/c4/cf/a7c4cfcb-0145-607a-93c9-9cd9b9ccf7c3/AppIcon-0-1x_U007emarketing-0-0-GLES2_U002c0-512MB-sRGB-0-0-0-85-220-0-0-0-7.png/150x150bb.png,https://is3-ssl.mzstatic.com/image/thumb/Purple124/v4/a7/c4/cf/a7c4cfcb-0145-607a-93c9-9cd9b9ccf7c3/AppIcon-0-1x_U007emarketing-0-0-GLES2_U002c0-512MB-sRGB-0-0-0-85-220-0-0-0-7.png/150x150bb.png,711923939.0,True,https://is4-ssl.mzstatic.com/image/thumb/Purple123/v4/32/72/fa/3272fac1-3216-e848-dcd7-a9e76f9262a4/iMessage_App_Icon-0-1x_U007emarketing-0-3-GLES2_U002c0-512MB-sRGB-0-0-0-85-181-0-0-0-0.png/768x1024bb.png,,Cash App,ios,0.0,https://squareup.com/legal/privacy,,US,,335393791.0,"Square, Inc.",/ios/publisher/square-inc/335393791,16.0,4.5,330891.0,17.0,5.0,2013-10-16T07:51:06Z,,,https://cash.app/help,2020-02-19T00:00:00Z,https://apps.apple.com/US/app/id711923939?l=en,"['US', 'GB']",3.8,https://cash.app
46,[],824305459.0,824305459.0,/ios/us/flipline-studios/app/papa-s-freezeria-to-go/824305459/,,,com.flipline.papasfreezeriatogo,,US,"[6014, 7017, 7015]",4+,2.0,2020-02-17T00:00:00Z,,,3131.0,Papa's Freezeria,"{'downloads': 20000, 'downloads_rounded': 20, 'prefix': None, 'string': '20k', 'units': 'k'}","{'prefix': '$', 'revenue': 30000, 'revenue_rounded': 30, 'string': '$30k', 'units': 'k'}",https://is2-ssl.mzstatic.com/image/thumb/Purple124/v4/44/d1/bb/44d1bb03-8871-ff83-c212-5c55b0f335a6/AppIcon-1x_U007emarketing-0-0-GLES2_U002c0-512MB-sRGB-0-0-0-85-220-0-0-0-6.png/150x150bb.png,https://is2-ssl.mzstatic.com/image/thumb/Purple124/v4/44/d1/bb/44d1bb03-8871-ff83-c212-5c55b0f335a6/AppIcon-1x_U007emarketing-0-0-GLES2_U002c0-512MB-sRGB-0-0-0-85-220-0-0-0-6.png/150x150bb.png,https://is2-ssl.mzstatic.com/image/thumb/Purple124/v4/44/d1/bb/44d1bb03-8871-ff83-c212-5c55b0f335a6/AppIcon-1x_U007emarketing-0-0-GLES2_U002c0-512MB-sRGB-0-0-0-85-220-0-0-0-6.png/150x150bb.png,824305459.0,,,,Papa's Freezeria To Go!,ios,0.99,http://www.flipline.com/privacy.html,,US,,514634238.0,Flipline Studios,/ios/publisher/flipline-studios/514634238,16.0,4.5,1861.0,451.0,4.5,2014-02-26T23:08:16Z,,True,http://www.flipline.com,2019-01-24T00:00:00Z,https://apps.apple.com/US/app/id824305459?l=en,"['US', 'AU', 'CA', 'CN', 'FR', 'DE', 'GB', 'IT', 'JP', 'KR', 'RU', 'DZ', 'AO', 'AR', 'AT', 'AZ', 'BB', 'BY', 'BE', 'BM', 'BR', 'BG', 'CL', 'CO', 'CR', 'HR', 'CZ', 'DK', 'DO', 'EC', 'EG', 'SV', 'FI', 'GH', 'GR', 'GT', 'HK', 'HU', 'IN', 'ID', 'IE', 'IL', 'KZ', 'KE', 'KW', 'LB', 'LT', 'LU', 'MO', 'MG', 'MY', 'MX', 'NL', 'NZ', 'NG', 'NO', 'OM', 'PK', 'PA', 'PE', 'PH', 'PL', 'PT', 'QA', 'RO', 'SA', 'SG', 'SK', 'SI', 'ZA', 'ES', 'LK', 'SE', 'CH', 'TW', 'TH', 'TN', 'TR', 'UA', 'AE', 'UY', 'UZ', 'VE', 'VN']",1.2.0,http://www.flipline.com/apps/papasfreezeriatogo/
47,"['Infrequent/Mild Realistic Violence', 'Frequent/Intense Mature/Suggestive Themes', 'Infrequent/Mild Horror/Fear Themes', 'Infrequent/Mild Cartoon or Fantasy Violence']",1017492454.0,1017492454.0,/ios/us/google-llc/app/youtube-music/1017492454/,,,com.google.ios.youtubemusic,True,US,"[6011, 6016]",17+,1.0,2020-02-17T00:00:00Z,https://itunes.apple.com/WebObjects/MZStore.woa/wa/viewEula?cc=ae&id=1017492454,,622776.0,YouTube Music,"{'downloads': 3000000, 'downloads_rounded': 3, 'prefix': None, 'string': '3m', 'units': 'm'}","{'prefix': '$', 'revenue': 11000000, 'revenue_rounded': 11, 'string': '$11m', 'units': 'm'}",https://is4-ssl.mzstatic.com/image/thumb/Purple114/v4/13/c0/fd/13c0fd83-d636-6352-eab9-f267e45236ce/AppIcon-0-0-1x_U007emarketing-0-0-0-7-0-0-sRGB-0-0-0-GLES2_U002c0-512MB-85-220-0-0.png/150x150bb.png,https://is4-ssl.mzstatic.com/image/thumb/Purple114/v4/13/c0/fd/13c0fd83-d636-6352-eab9-f267e45236ce/AppIcon-0-0-1x_U007emarketing-0-0-0-7-0-0-sRGB-0-0-0-GLES2_U002c0-512MB-85-220-0-0.png/150x150bb.png,https://is4-ssl.mzstatic.com/image/thumb/Purple114/v4/13/c0/fd/13c0fd83-d636-6352-eab9-f267e45236ce/AppIcon-0-0-1x_U007emarketing-0-0-0-7-0-0-sRGB-0-0-0-GLES2_U002c0-512MB-85-220-0-0.png/150x150bb.png,1017492454.0,,,True,YouTube Music,ios,0.0,https://www.google.com/policies/privacy,,US,,281956209.0,Google LLC,/ios/publisher/google-llc/281956209,16.0,4.5,268804.0,1021.0,5.0,2015-11-12T15:56:43Z,,True,https://support.google.com/youtubemusic,2020-02-18T00:00:00Z,https://apps.apple.com/US/app/id1017492454?l=en,"['US', 'AU', 'CA', 'FR', 'DE', 'GB', 'IT', 'JP', 'KR', 'RU', 'AR', 'AT', 'BE', 'BR', 'BG', 'CL', 'CO', 'CR', 'HR', 'CZ', 'DK', 'DO', 'EC', 'SV', 'FI', 'GR', 'GT', 'HK', 'HU', 'IN', 'ID', 'IE', 'IL', 'KW', 'LB', 'LT', 'LU', 'MY', 'MX', 'NL', 'NZ', 'NO', 'OM', 'PA', 'PE', 'PH', 'PL', 'PT', 'QA', 'RO', 'SA', 'SG', 'SK', 'SI', 'ZA', 'ES', 'SE', 'CH', 'TW', 'TH', 'TR', 'UA', 'AE', 'UY']",3.53,https://support.google.com/youtubemusic
48,"['Infrequent/Mild Cartoon or Fantasy Violence', 'Infrequent/Mild Sexual Content and Nudity', 'Infrequent/Mild Horror/Fear Themes', 'Infrequent/Mild Realistic Violence', 'Infrequent/Mild Profanity or Crude Humor', 'Infrequent/Mild Mature/Suggestive Themes', 'Infrequent/Mild Alcohol, Tobacco, or Drug Use or References']",363590051.0,363590051.0,/ios/us/netflix-inc/app/netflix/363590051/,,,com.netflix.Netflix,True,US,"[6016, 6012]",12+,2.0,2020-02-17T00:00:00Z,,https://is3-ssl.mzstatic.com/image/thumb/Features114/v4/56/2c/3d/562c3d9b-e501-99c3-772e-e2f99c206bdf/source/4320x1080.png,971425.0,Netflix,"{'downloads': 9000000, 'downloads_rounded': 9, 'prefix': None, 'string': '9m', 'units': 'm'}","{'prefix': '$', 'revenue': 36000000, 'revenue_rounded': 36, 'string': '$36m', 'units': 'm'}",https://is2-ssl.mzstatic.com/image/thumb/Purple113/v4/1b/3f/18/1b3f18e2-4827-5e5b-fe18-65d7416fc7c6/AppIcon-0-0-1x_U007emarketing-0-0-0-10-0-0-sRGB-0-0-0-GLES2_U002c0-512MB-85-220-0-0.png/150x150bb.png,https://is2-ssl.mzstatic.com/image/thumb/Purple113/v4/1b/3f/18/1b3f18e2-4827-5e5b-fe18-65d7416fc7c6/AppIcon-0-0-1x_U007emarketing-0-0-0-10-0-0-sRGB-0-0-0-GLES2_U002c0-512MB-85-220-0-0.png/150x150bb.png,https://is2-ssl.mzstatic.com/image/thumb/Purple113/v4/1b/3f/18/1b3f18e2-4827-5e5b-fe18-65d7416fc7c6/AppIcon-0-0-1x_U007emarketing-0-0-0-10-0-0-sRGB-0-0-0-GLES2_U002c0-512MB-85-220-0-0.png/150x150bb.png,363590051.0,,,True,Netflix,ios,0.0,https://netflix.com/privacy,,US,,363590054.0,"Netflix, Inc.",/ios/publisher/netflix-inc/363590054,17.0,3.5,482261.0,33.0,4.0,2010-04-01T20:41:34Z,,True,http://www.netflix.com/contactus,2020-02-19T00:00:00Z,https://apps.apple.com/US/app/id363590051?l=en,"['US', 'AU', 'CA', 'FR', 'DE', 'GB', 'IT', 'JP', 'KR', 'RU', 'DZ', 'AO', 'AR', 'AT', 'AZ', 'BB', 'BY', 'BE', 'BM', 'BR', 'BG', 'CL', 'CO', 'CR', 'HR', 'CZ', 'DK', 'DO', 'EC', 'EG', 'SV', 'FI', 'GH', 'GR', 'GT', 'HK', 'HU', 'IN', 'ID', 'IE', 'IL', 'KZ', 'KE', 'KW', 'LB', 'LT', 'LU', 'MO', 'MG', 'MY', 'MX', 'NL', 'NZ', 'NG', 'NO', 'OM', 'PK', 'PA', 'PE', 'PH', 'PL', 'PT', 'QA', 'RO', 'SA', 'SG', 'SK', 'SI', 'ZA', 'ES', 'LK', 'SE', 'CH', 'TW', 'TH', 'TN', 'TR', 'UA', 'AE', 'UY', 'UZ', 'VE', 'VN']",12.19.2,http://www.netflix.com
49,"['Infrequent/Mild Mature/Suggestive Themes', 'Infrequent/Mild Simulated Gambling', 'Infrequent/Mild Alcohol, Tobacco, or Drug Use or References', 'Infrequent/Mild Cartoon or Fantasy Violence', 'Infrequent/Mild Profanity or Crude Humor']",1406710800.0,1406710800.0,/ios/us/chucklefish-limited/app/stardew-valley/1406710800/,,,com.chucklefish.stardewvalley,True,US,"[6014, 6016, 7014, 7015]",12+,4.0,2020-02-17T00:00:00Z,,,57096.0,Stardew Valley,"{'downloads': 20000, 'downloads_rounded': 20, 'prefix': None, 'string': '20k', 'units': 'k'}","{'prefix': '$', 'revenue': 200000, 'revenue_rounded': 200, 'string': '$200k', 'units': 'k'}",https://is2-ssl.mzstatic.com/image/thumb/Purple123/v4/6d/44/ab/6d44abcc-8969-efcc-852d-fa1440d8e81e/AppIcons-0-1x_U007emarketing-0-0-GLES2_U002c0-512MB-sRGB-0-0-0-85-220-0-0-0-7.png/150x150bb.png,https://is2-ssl.mzstatic.com/image/thumb/Purple123/v4/6d/44/ab/6d44abcc-8969-efcc-852d-fa1440d8e81e/AppIcons-0-1x_U007emarketing-0-0-GLES2_U002c0-512MB-sRGB-0-0-0-85-220-0-0-0-7.png/150x150bb.png,https://is2-ssl.mzstatic.com/image/thumb/Purple123/v4/6d/44/ab/6d44abcc-8969-efcc-852d-fa1440d8e81e/AppIcons-0-1x_U007emarketing-0-0-GLES2_U002c0-512MB-sRGB-0-0-0-85-220-0-0-0-7.png/150x150bb.png,1406710800.0,,,,Stardew Valley,ios,7.99,https://chucklefish.org/privacy/,,,,1163786770.0,Chucklefish Limited,/ios/publisher/chucklefish-limited/1163786770,17.0,5.0,21042.0,5151.0,5.0,2018-10-24T07:00:00Z,,True,https://community.playstarbound.com/forums/stardew-support/,2019-11-27T00:00:00Z,https://apps.apple.com/US/app/id1406710800?l=en,"['US', 'AU', 'CA', 'FR', 'DE', 'GB', 'IT', 'JP', 'KR', 'RU', 'DZ', 'AO', 'AR', 'AT', 'AZ', 'BB', 'BY', 'BE', 'BM', 'BR', 'BG', 'CL', 'CO', 'CR', 'HR', 'CZ', 'DK', 'DO', 'EC', 'EG', 'SV', 'FI', 'GH', 'GR', 'GT', 'HK', 'HU', 'IN', 'ID', 'IE', 'IL', 'KZ', 'KE', 'KW', 'LB', 'LT', 'LU', 'MO', 'MG', 'MY', 'MX', 'NL', 'NZ', 'NG', 'NO', 'OM', 'PK', 'PA', 'PE', 'PH', 'PL', 'PT', 'QA', 'RO', 'SA', 'SG', 'SK', 'SI', 'ZA', 'ES', 'LK', 'SE', 'CH', 'TW', 'TH', 'TN', 'TR', 'UA', 'AE', 'UY', 'UZ', 'VE', 'VN']",1.37,https://stardewvalley.net/
50,['Frequent/Intense Simulated Gambling'],406889139.0,406889139.0,/ios/us/moon-active/app/coin-master/406889139/,,,com.mobile-softing.coinmaster,True,US,"[6014, 7003, 7002]",17+,-4.0,2020-02-17T00:00:00Z,,https://is3-ssl.mzstatic.com/image/thumb/Features113/v4/8e/d4/ea/8ed4ead5-9ba3-e4a5-79a4-05212b586869/source/4320x1080.png,400153.0,Coin Master,"{'downloads': 800000, 'downloads_rounded': 800, 'prefix': None, 'string': '800k', 'units': 'k'}","{'prefix': '$', 'revenue': 12000000, 'revenue_rounded': 12, 'string': '$12m', 'units': 'm'}",https://is5-ssl.mzstatic.com/image/thumb/Purple114/v4/f7/6e/14/f76e14fb-0cdb-a252-690e-4ea8685364a1/AppIcon-0-0-1x_U007emarketing-0-0-0-7-0-85-220.png/150x150bb.png,https://is5-ssl.mzstatic.com/image/thumb/Purple114/v4/f7/6e/14/f76e14fb-0cdb-a252-690e-4ea8685364a1/AppIcon-0-0-1x_U007emarketing-0-0-0-7-0-85-220.png/150x150bb.png,https://is5-ssl.mzstatic.com/image/thumb/Purple114/v4/f7/6e/14/f76e14fb-0cdb-a252-690e-4ea8685364a1/AppIcon-0-0-1x_U007emarketing-0-0-0-7-0-85-220.png/150x150bb.png,406889139.0,,,True,Coin Master,ios,0.0,https://moonactive.com/privacy-policy/,,Israel,,470556954.0,Moon Active,/ios/publisher/moon-active/470556954,17.0,4.5,165261.0,5964.0,4.5,2010-12-11T19:19:07Z,,True,https://moonactive.zendesk.com,2020-02-13T00:00:00Z,https://apps.apple.com/US/app/id406889139?l=en,"['US', 'AU', 'CA', 'CN', 'FR', 'DE', 'GB', 'IT', 'JP', 'RU', 'DZ', 'AO', 'AR', 'AT', 'AZ', 'BB', 'BY', 'BE', 'BM', 'BR', 'BG', 'CL', 'CO', 'CR', 'HR', 'CZ', 'DK', 'DO', 'EC', 'EG', 'SV', 'FI', 'GH', 'GR', 'GT', 'HK', 'HU', 'IN', 'ID', 'IE', 'IL', 'KZ', 'KE', 'KW', 'LB', 'LT', 'LU', 'MO', 'MG', 'MY', 'MX', 'NL', 'NZ', 'NG', 'NO', 'OM', 'PK', 'PA', 'PE', 'PH', 'PL', 'PT', 'QA', 'RO', 'SA', 'SG', 'SK', 'SI', 'ZA', 'ES', 'LK', 'SE', 'CH', 'TW', 'TH', 'TN', 'TR', 'UA', 'AE', 'UY', 'UZ', 'VE', 'VN']",3.5.48,http://www.moonactive.com
51,['Unrestricted Web Access'],297606951.0,297606951.0,/ios/us/amzn-mobile-llc/app/amazon-shopping-made-easy/297606951/,,,com.amazon.Amazon,True,US,"[6024, 6012]",17+,5.0,2020-02-17T00:00:00Z,,https://is5-ssl.mzstatic.com/image/thumb/Features22/v4/54/5f/0d/545f0d25-70b1-979d-5af8-8f40706aeacb/source/4320x1080.png,266026.0,Amazon - Shopping made easy,"{'downloads': 3000000, 'downloads_rounded': 3, 'prefix': None, 'string': '3m', 'units': 'm'}","{'prefix': '< $', 'revenue': 1000, 'revenue_rounded': 5, 'string': '< $5k', 'units': 'k'}",https://is5-ssl.mzstatic.com/image/thumb/Purple113/v4/fa/77/12/fa7712ce-05d8-b6a8-9185-c10da9e0d2c6/AppIcon-0-1x_U007emarketing-0-0-GLES2_U002c0-512MB-sRGB-0-0-0-85-220-0-0-0-6.png/150x150bb.png,https://is5-ssl.mzstatic.com/image/thumb/Purple113/v4/fa/77/12/fa7712ce-05d8-b6a8-9185-c10da9e0d2c6/AppIcon-0-1x_U007emarketing-0-0-GLES2_U002c0-512MB-sRGB-0-0-0-85-220-0-0-0-6.png/150x150bb.png,https://is5-ssl.mzstatic.com/image/thumb/Purple113/v4/fa/77/12/fa7712ce-05d8-b6a8-9185-c10da9e0d2c6/AppIcon-0-1x_U007emarketing-0-0-GLES2_U002c0-512MB-sRGB-0-0-0-85-220-0-0-0-6.png/150x150bb.png,297606951.0,,,,Amazon - Shopping made easy,ios,0.0,http://www.amazon.com/privacy,,US,,297606954.0,AMZN Mobile LLC,/ios/publisher/amzn-mobile-llc/297606954,18.0,3.5,212953.0,206.0,3.5,2008-12-03T08:00:00Z,,True,https://www.amazon.com/gp/help/customer/display.html?nodeId=201945430,2020-02-17T00:00:00Z,https://apps.apple.com/US/app/id297606951?l=en,"['US', 'AU', 'CA', 'KR', 'RU', 'DZ', 'AO', 'AR', 'AZ', 'BB', 'BY', 'BM', 'BR', 'CL', 'CO', 'CR', 'DO', 'EC', 'EG', 'SV', 'GH', 'GT', 'HK', 'ID', 'IL', 'KE', 'KW', 'LB', 'MO', 'MG', 'MY', 'MX', 'NZ', 'NG', 'OM', 'PK', 'PA', 'PE', 'PH', 'QA', 'SA', 'SG', 'ZA', 'LK', 'TW', 'TH', 'TN', 'TR', 'UA', 'AE', 'UY', 'UZ', 'VE', 'VN']",15.4.0,https://www.amazon.com/iphoneapp
52,[],1479608271.0,1479608271.0,/ios/us/raffaele-d-amato/app/arcadia-arcade-watch-games/1479608271/,True,https://is1-ssl.mzstatic.com/image/thumb/Purple113/v4/a6/f8/f9/a6f8f94d-1ff1-ef55-c5a7-4a1972f73d71/AppIcon-0-0-1x_U007emarketing-0-0-0-9-0-0-sRGB-0-0-0-GLES2_U002c0-512MB-85-220-0-0.png/150x150bb.png,com.rdamato.watchgames,,US,"[6014, 7001, 7003, 6016]",4+,4.0,2020-02-17T00:00:00Z,,,616.0,Arcadia - Arcade Watch Games,"{'downloads': 7000, 'downloads_rounded': 7, 'prefix': None, 'string': '7k', 'units': 'k'}","{'prefix': '$', 'revenue': 9000, 'revenue_rounded': 9, 'string': '$9k', 'units': 'k'}",https://is3-ssl.mzstatic.com/image/thumb/Purple124/v4/5e/1b/57/5e1b5737-ef80-0d18-e2ad-3535fc669683/AppIcon-0-0-1x_U007emarketing-0-0-0-7-0-0-sRGB-0-0-0-GLES2_U002c0-512MB-85-220-0-0.png/150x150bb.png,https://is3-ssl.mzstatic.com/image/thumb/Purple124/v4/5e/1b/57/5e1b5737-ef80-0d18-e2ad-3535fc669683/AppIcon-0-0-1x_U007emarketing-0-0-0-7-0-0-sRGB-0-0-0-GLES2_U002c0-512MB-85-220-0-0.png/150x150bb.png,https://is3-ssl.mzstatic.com/image/thumb/Purple124/v4/5e/1b/57/5e1b5737-ef80-0d18-e2ad-3535fc669683/AppIcon-0-0-1x_U007emarketing-0-0-0-7-0-0-sRGB-0-0-0-GLES2_U002c0-512MB-85-220-0-0.png/150x150bb.png,1479608271.0,,,,Arcadia - Arcade Watch Games,ios,1.99,https://www.raffaeledamato.it/privacy-policy/,,,,529947655.0,Raffaele D'Amato,/ios/publisher/raffaele-d-amato/529947655,18.0,5.0,558.0,17.0,5.0,2019-12-17T16:47:48Z,,,https://www.raffaeledamato.it/contacts/,2020-02-18T00:00:00Z,https://apps.apple.com/US/app/id1479608271?l=en,"['US', 'AU', 'CA', 'CN', 'FR', 'DE', 'GB', 'IT', 'JP', 'KR', 'RU', 'DZ', 'AO', 'AR', 'AT', 'AZ', 'BB', 'BY', 'BE', 'BM', 'BR', 'BG', 'CL', 'CO', 'CR', 'HR', 'CZ', 'DK', 'DO', 'EC', 'EG', 'SV', 'FI', 'GH', 'GR', 'GT', 'HK', 'HU', 'IN', 'ID', 'IE', 'IL', 'KZ', 'KE', 'KW', 'LB', 'LT', 'LU', 'MO', 'MG', 'MY', 'MX', 'NL', 'NZ', 'NG', 'NO', 'OM', 'PK', 'PA', 'PE', 'PH', 'PL', 'PT', 'QA', 'RO', 'SA', 'SG', 'SK', 'SI', 'ZA', 'ES', 'LK', 'SE', 'CH', 'TW', 'TH', 'TN', 'TR', 'UA', 'AE', 'UY', 'UZ', 'VE', 'VN']",1.3.1,
53,['Infrequent/Mild Cartoon or Fantasy Violence'],1094591345.0,1094591345.0,/ios/us/niantic-inc/app/pokemon-go/1094591345/,,,com.nianticlabs.pokemongo,True,US,"[6014, 7017, 7014, 6013]",9+,-3.0,2020-02-17T00:00:00Z,,https://is2-ssl.mzstatic.com/image/thumb/Features20/v4/5b/76/4d/5b764d85-c75c-dfa9-1a68-b5d232b2b766/source/4320x1080.png,1363596.0,Pokémon GO,"{'downloads': 1000000, 'downloads_rounded': 1, 'prefix': None, 'string': '1m', 'units': 'm'}","{'prefix': '$', 'revenue': 20000000, 'revenue_rounded': 20, 'string': '$20m', 'units': 'm'}",https://is1-ssl.mzstatic.com/image/thumb/Purple124/v4/a0/39/49/a039490b-b173-50ee-178c-2b240e23657d/AppIcon-0-1x_U007emarketing-0-85-220-0-9.png/150x150bb.png,https://is1-ssl.mzstatic.com/image/thumb/Purple124/v4/a0/39/49/a039490b-b173-50ee-178c-2b240e23657d/AppIcon-0-1x_U007emarketing-0-85-220-0-9.png/150x150bb.png,https://is1-ssl.mzstatic.com/image/thumb/Purple124/v4/a0/39/49/a039490b-b173-50ee-178c-2b240e23657d/AppIcon-0-1x_U007emarketing-0-85-220-0-9.png/150x150bb.png,1094591345.0,,,True,Pokémon GO,ios,0.0,https://www.nianticlabs.com/privacy/pokemongo/en,,US,,1037205060.0,"Niantic, Inc.",/ios/publisher/niantic-inc/1037205060,18.0,3.5,484264.0,121.0,4.0,2016-07-07T00:39:49Z,,True,http://support.pokemongo.nianticlabs.com/,2020-02-18T00:00:00Z,https://apps.apple.com/US/app/id1094591345?l=en,"['US', 'AU', 'CA', 'FR', 'DE', 'GB', 'IT', 'JP', 'KR', 'RU', 'AR', 'AT', 'BB', 'BE', 'BM', 'BR', 'BG', 'CL', 'CO', 'CR', 'HR', 'CZ', 'DK', 'DO', 'EC', 'EG', 'SV', 'FI', 'GH', 'GR', 'GT', 'HK', 'HU', 'IN', 'ID', 'IE', 'IL', 'KZ', 'KE', 'KW', 'LB', 'LT', 'LU', 'MO', 'MG', 'MY', 'MX', 'NL', 'NZ', 'NO', 'OM', 'PK', 'PA', 'PE', 'PH', 'PL', 'PT', 'QA', 'RO', 'SG', 'SK', 'SI', 'ZA', 'ES', 'LK', 'SE', 'CH', 'TW', 'TH', 'AE', 'UY', 'UZ', 'VE', 'VN']",1.133.1,http://pokemongo.nianticlabs.com
54,"['Infrequent/Mild Realistic Violence', 'Infrequent/Mild Medical/Treatment Information', 'Infrequent/Mild Alcohol, Tobacco, or Drug Use or References', 'Infrequent/Mild Horror/Fear Themes', 'Infrequent/Mild Cartoon or Fantasy Violence', 'Infrequent/Mild Mature/Suggestive Themes', 'Infrequent/Mild Sexual Content and Nudity']",1498229533.0,1498229533.0,/ios/us/popcore-gmbh/app/parking-jam-3d/1498229533/,,,com.uqxuwtxbbu.parkingjam,,US,"[6014, 7012, 7004]",12+,5.0,2020-02-17T00:00:00Z,,,4129.0,Parking Jam 3D,"{'downloads': 1000, 'downloads_rounded': 5, 'prefix': '< ', 'string': '< 5k', 'units': 'k'}","{'prefix': '< $', 'revenue': 1000, 'revenue_rounded': 5, 'string': '< $5k', 'units': 'k'}",https://is5-ssl.mzstatic.com/image/thumb/Purple114/v4/9d/ab/fb/9dabfb07-0a3d-9029-09d0-f9e23f41ab12/AppIcon-0-0-1x_U007emarketing-0-0-0-7-0-0-sRGB-0-0-0-GLES2_U002c0-512MB-85-220-0-0.png/150x150bb.png,https://is5-ssl.mzstatic.com/image/thumb/Purple114/v4/9d/ab/fb/9dabfb07-0a3d-9029-09d0-f9e23f41ab12/AppIcon-0-0-1x_U007emarketing-0-0-0-7-0-0-sRGB-0-0-0-GLES2_U002c0-512MB-85-220-0-0.png/150x150bb.png,https://is5-ssl.mzstatic.com/image/thumb/Purple114/v4/9d/ab/fb/9dabfb07-0a3d-9029-09d0-f9e23f41ab12/AppIcon-0-0-1x_U007emarketing-0-0-0-7-0-0-sRGB-0-0-0-GLES2_U002c0-512MB-85-220-0-0.png/150x150bb.png,1498229533.0,,,True,Parking Jam 3D,ios,0.0,https://popcore.com/privacy,,Germany,,1375461777.0,Popcore GmbH,/ios/publisher/popcore-gmbh/1375461777,19.0,4.5,1204.0,945.0,4.5,2020-02-08T12:44:19Z,,,http://popcore.com,2020-02-19T00:00:00Z,https://apps.apple.com/US/app/id1498229533?l=en,"['US', 'AU', 'CA', 'CN', 'FR', 'DE', 'GB', 'IT', 'JP', 'KR', 'RU', 'DZ', 'AO', 'AR', 'AT', 'AZ', 'BB', 'BY', 'BE', 'BM', 'BR', 'BG', 'CL', 'CO', 'CR', 'HR', 'CZ', 'DK', 'DO', 'EC', 'EG', 'SV', 'FI', 'GH', 'GR', 'GT', 'HK', 'HU', 'IN', 'ID', 'IE', 'IL', 'KZ', 'KE', 'KW', 'LB', 'LT', 'LU', 'MO', 'MG', 'MY', 'MX', 'NL', 'NZ', 'NG', 'NO', 'OM', 'PK', 'PA', 'PE', 'PH', 'PL', 'PT', 'QA', 'RO', 'SA', 'SG', 'SK', 'SI', 'ZA', 'ES', 'LK', 'SE', 'CH', 'TW', 'TH', 'TN', 'TR', 'UA', 'AE', 'UY', 'UZ', 'VE', 'VN']",1.2,http://popcore.com
55,['Infrequent/Mild Cartoon or Fantasy Violence'],563718995.0,563718995.0,/ios/us/ninja-kiwi/app/bloons-td-5/563718995/,,,com.ninjakiwi.bloonstd5,,US,"[6014, 7001, 6016, 7017]",9+,-2.0,2020-02-17T00:00:00Z,,https://is4-ssl.mzstatic.com/image/thumb/Features127/v4/37/3b/76/373b761c-8863-60f8-f827-4296294884da/source/4320x1080.png,168531.0,Bloons TD 5,"{'downloads': 20000, 'downloads_rounded': 20, 'prefix': None, 'string': '20k', 'units': 'k'}","{'prefix': '$', 'revenue': 200000, 'revenue_rounded': 200, 'string': '$200k', 'units': 'k'}",https://is4-ssl.mzstatic.com/image/thumb/Purple123/v4/47/54/7f/47547fdc-3d12-fa42-5074-63932d0880ba/AppIcon-0-1x_U007emarketing-0-85-220-0-3.png/150x150bb.png,https://is4-ssl.mzstatic.com/image/thumb/Purple123/v4/47/54/7f/47547fdc-3d12-fa42-5074-63932d0880ba/AppIcon-0-1x_U007emarketing-0-85-220-0-3.png/150x150bb.png,https://is4-ssl.mzstatic.com/image/thumb/Purple123/v4/47/54/7f/47547fdc-3d12-fa42-5074-63932d0880ba/AppIcon-0-1x_U007emarketing-0-85-220-0-3.png/150x150bb.png,563718995.0,True,https://is3-ssl.mzstatic.com/image/thumb/Purple123/v4/7c/a4/73/7ca47352-6a69-f629-4aca-6d009e49534d/iMessage_App_Icon-0-1x_U007emarketing-0-3-GLES2_U002c0-512MB-sRGB-0-0-0-85-181-0-0-0-0.png/768x1024bb.png,True,Bloons TD 5,ios,2.99,https://ninjakiwi.com/privacy_policy,,New Zealand,,386241773.0,Ninja Kiwi,/ios/publisher/ninja-kiwi/386241773,19.0,5.0,106338.0,3862.0,5.0,2012-11-15T08:00:00Z,,True,http://ninjakiwi.com/support,2019-12-05T00:00:00Z,https://apps.apple.com/US/app/id563718995?l=en,"['US', 'AU', 'CA', 'FR', 'DE', 'GB', 'IT', 'JP', 'KR', 'RU', 'DZ', 'AO', 'AR', 'AT', 'AZ', 'BB', 'BY', 'BE', 'BM', 'BR', 'BG', 'CL', 'CO', 'CR', 'HR', 'CZ', 'DK', 'DO', 'EC', 'EG', 'SV', 'FI', 'GH', 'GR', 'GT', 'HK', 'HU', 'IN', 'ID', 'IE', 'IL', 'KZ', 'KE', 'KW', 'LB', 'LT', 'LU', 'MO', 'MG', 'MY', 'MX', 'NL', 'NZ', 'NG', 'NO', 'OM', 'PK', 'PA', 'PE', 'PH', 'PL', 'PT', 'QA', 'RO', 'SA', 'SG', 'SK', 'SI', 'ZA', 'ES', 'LK', 'SE', 'CH', 'TW', 'TH', 'TN', 'TR', 'UA', 'AE', 'UY', 'UZ', 'VE', 'VN']",3.23,
56,['Infrequent/Mild Cartoon or Fantasy Violence'],951627425.0,951627425.0,/ios/us/bandai-namco-entertainment-inc/app/dragon-ball-z-dokkan-battle/951627425/,,,jp.co.bandainamcogames.BNGI0221,True,US,"[6014, 7012, 7001, 6016]",9+,1.0,2020-02-17T00:00:00Z,https://itunes.apple.com/WebObjects/MZStore.woa/wa/viewEula?cc=tr&id=951627425,,162748.0,DRAGON BALL Z DOKKAN BATTLE,"{'downloads': 100000, 'downloads_rounded': 100, 'prefix': None, 'string': '100k', 'units': 'k'}","{'prefix': '$', 'revenue': 7000000, 'revenue_rounded': 7, 'string': '$7m', 'units': 'm'}",https://is5-ssl.mzstatic.com/image/thumb/Purple113/v4/5b/ba/02/5bba02bb-4e65-c5e2-2e71-c286ab2d8f6f/AppIcon-0-1x_U007emarketing-0-85-220-10.png/150x150bb.png,https://is5-ssl.mzstatic.com/image/thumb/Purple113/v4/5b/ba/02/5bba02bb-4e65-c5e2-2e71-c286ab2d8f6f/AppIcon-0-1x_U007emarketing-0-85-220-10.png/150x150bb.png,https://is5-ssl.mzstatic.com/image/thumb/Purple113/v4/5b/ba/02/5bba02bb-4e65-c5e2-2e71-c286ab2d8f6f/AppIcon-0-1x_U007emarketing-0-85-220-10.png/150x150bb.png,951627425.0,,,True,DRAGON BALL Z DOKKAN BATTLE,ios,0.0,https://legal.bandainamcoent.co.jp/privacy/,,Japan,,352305770.0,BANDAI NAMCO Entertainment Inc.,/ios/publisher/bandai-namco-entertainment-inc/352305770,19.0,4.5,81890.0,1410.0,5.0,2015-07-16T02:59:25Z,,True,https://bnfaq.channel.or.jp/contact/faq_list/1625,2020-02-13T00:00:00Z,https://apps.apple.com/US/app/id951627425?l=en,"['US', 'AU', 'CA', 'FR', 'DE', 'GB', 'IT', 'KR', 'AT', 'BE', 'BR', 'BG', 'HR', 'CZ', 'DK', 'FI', 'GR', 'HK', 'HU', 'IN', 'ID', 'IE', 'IL', 'LT', 'LU', 'MO', 'MY', 'MX', 'NL', 'NZ', 'NO', 'PH', 'PL', 'PT', 'RO', 'SG', 'SK', 'SI', 'ZA', 'ES', 'SE', 'CH', 'TW', 'TH', 'TR']",4.7.1,
57,"['Infrequent/Mild Profanity or Crude Humor', 'Infrequent/Mild Sexual Content and Nudity', 'Infrequent/Mild Alcohol, Tobacco, or Drug Use or References', 'Infrequent/Mild Mature/Suggestive Themes']",324684580.0,324684580.0,/ios/us/spotify-ltd/app/spotify-music-and-podcasts/324684580/,True,https://is1-ssl.mzstatic.com/image/thumb/Purple124/v4/3c/32/1d/3c321d17-fe1d-9df7-70b7-c38b6532b468/AppIcon-0-0-1x_U007emarketing-0-0-0-9-0-0-sRGB-0-0-0-GLES2_U002c0-512MB-85-220-0-0.png/150x150bb.png,com.spotify.client,True,US,"[6011, 6016]",12+,2.0,2020-02-17T00:00:00Z,,,39457432.0,Spotify: Music and Podcasts,"{'downloads': 6000000, 'downloads_rounded': 6, 'prefix': None, 'string': '6m', 'units': 'm'}","{'prefix': '$', 'revenue': 3000000, 'revenue_rounded': 3, 'string': '$3m', 'units': 'm'}",https://is1-ssl.mzstatic.com/image/thumb/Purple124/v4/bf/d1/3b/bfd13b5e-83f1-8403-e079-d3e3bd101660/AppIcon-0-0-1x_U007emarketing-0-0-0-6-0-0-sRGB-0-0-0-GLES2_U002c0-512MB-85-220-0-0.png/150x150bb.png,https://is1-ssl.mzstatic.com/image/thumb/Purple124/v4/bf/d1/3b/bfd13b5e-83f1-8403-e079-d3e3bd101660/AppIcon-0-0-1x_U007emarketing-0-0-0-6-0-0-sRGB-0-0-0-GLES2_U002c0-512MB-85-220-0-0.png/150x150bb.png,https://is1-ssl.mzstatic.com/image/thumb/Purple124/v4/bf/d1/3b/bfd13b5e-83f1-8403-e079-d3e3bd101660/AppIcon-0-0-1x_U007emarketing-0-0-0-6-0-0-sRGB-0-0-0-GLES2_U002c0-512MB-85-220-0-0.png/150x150bb.png,324684580.0,True,https://is1-ssl.mzstatic.com/image/thumb/Purple124/v4/52/2b/7b/522b7b9a-82fc-89ad-6bd0-266254125e20/sptmessage_app_icon-0-0-1x_U007emarketing-0-0-0-0-0-5-sRGB-0-0-0-GLES2_U002c0-512MB-85-181-0-0.png/768x1024bb.png,True,Spotify: Music and Podcasts,ios,0.0,http://www.spotify.com/legal/privacy-policy/,,Sweden,,324684583.0,Spotify Ltd.,/ios/publisher/spotify-ltd/324684583,20.0,5.0,11926161.0,79876.0,5.0,2011-07-14T11:22:37Z,,True,https://support.spotify.com/,2020-02-18T00:00:00Z,https://apps.apple.com/US/app/id324684580?l=en,"['US', 'AU', 'CA', 'FR', 'DE', 'GB', 'IT', 'JP', 'DZ', 'AR', 'AT', 'BE', 'BR', 'BG', 'CL', 'CO', 'CR', 'CZ', 'DK', 'DO', 'EC', 'EG', 'SV', 'FI', 'GR', 'GT', 'HK', 'HU', 'IN', 'ID', 'IE', 'IL', 'KW', 'LB', 'LT', 'LU', 'MY', 'MX', 'NL', 'NZ', 'NO', 'OM', 'PA', 'PE', 'PH', 'PL', 'PT', 'QA', 'RO', 'SA', 'SG', 'SK', 'ZA', 'ES', 'SE', 'CH', 'TW', 'TH', 'TN', 'TR', 'AE', 'UY', 'VN']",8.5.45,https://www.spotify.com/
58,[],1117405948.0,1117405948.0,/ios/us/marmalade-game-studio/app/the-game-of-life/1117405948/,,,com.marmalade.golmobile,True,US,"[6014, 7004, 7009]",4+,-1.0,2020-02-17T00:00:00Z,,,28921.0,The Game of Life,"{'downloads': 30000, 'downloads_rounded': 30, 'prefix': None, 'string': '30k', 'units': 'k'}","{'prefix': '$', 'revenue': 100000, 'revenue_rounded': 100, 'string': '$100k', 'units': 'k'}",https://is4-ssl.mzstatic.com/image/thumb/Purple123/v4/a9/26/77/a9267700-c72f-df17-27f0-96987956068d/AppIcon-1x_U007emarketing-85-220-6.png/150x150bb.png,https://is4-ssl.mzstatic.com/image/thumb/Purple123/v4/a9/26/77/a9267700-c72f-df17-27f0-96987956068d/AppIcon-1x_U007emarketing-85-220-6.png/150x150bb.png,https://is4-ssl.mzstatic.com/image/thumb/Purple123/v4/a9/26/77/a9267700-c72f-df17-27f0-96987956068d/AppIcon-1x_U007emarketing-85-220-6.png/150x150bb.png,1117405948.0,,,True,The Game of Life,ios,2.99,https://marmaladegamestudio.com/wp-content/uploads/2016/12/Privacy_Policy.pdf,,,,988365603.0,Marmalade Game Studio,/ios/publisher/marmalade-game-studio/988365603,20.0,4.5,20770.0,7767.0,4.5,2016-07-14T09:47:04Z,,True,https://marmaladegamestudio.com/contact-us/,2019-03-18T00:00:00Z,https://apps.apple.com/US/app/id1117405948?l=en,"['US', 'AU', 'CA', 'CN', 'FR', 'DE', 'GB', 'IT', 'RU', 'DZ', 'AO', 'AR', 'AT', 'AZ', 'BB', 'BY', 'BE', 'BM', 'BR', 'BG', 'CL', 'CO', 'CR', 'HR', 'CZ', 'DK', 'DO', 'EC', 'EG', 'SV', 'FI', 'GH', 'GR', 'GT', 'HK', 'HU', 'IN', 'ID', 'IE', 'IL', 'KZ', 'KE', 'KW', 'LB', 'LT', 'LU', 'MO', 'MG', 'MY', 'MX', 'NL', 'NZ', 'NG', 'NO', 'OM', 'PK', 'PA', 'PE', 'PH', 'PL', 'PT', 'QA', 'RO', 'SA', 'SG', 'SK', 'SI', 'ZA', 'ES', 'LK', 'SE', 'CH', 'TW', 'TH', 'TN', 'TR', 'UA', 'AE', 'UY', 'UZ', 'VE', 'VN']",2.2.2,
59,['Infrequent/Mild Cartoon or Fantasy Violence'],1053012308.0,1053012308.0,/ios/us/supercell/app/clash-royale/1053012308/,,,com.supercell.scroll,True,US,"[6014, 7017, 6016, 7001]",9+,-2.0,2020-02-17T00:00:00Z,https://itunes.apple.com/WebObjects/MZStore.woa/wa/viewEula?cc=ae&id=1053012308,https://is1-ssl.mzstatic.com/image/thumb/Features113/v4/2c/2b/f3/2c2bf35f-b239-0c14-7807-70572a2ece4c/source/4320x1080.png,6356669.0,Clash Royale,"{'downloads': 1000000, 'downloads_rounded': 1, 'prefix': None, 'string': '1m', 'units': 'm'}","{'prefix': '$', 'revenue': 14000000, 'revenue_rounded': 14, 'string': '$14m', 'units': 'm'}",https://is3-ssl.mzstatic.com/image/thumb/Purple113/v4/f9/96/8b/f9968baa-8401-828a-6a97-f74dffeb5731/AppIcon-0-0-1x_U007emarketing-0-0-0-7-0-85-220.png/150x150bb.png,https://is3-ssl.mzstatic.com/image/thumb/Purple113/v4/f9/96/8b/f9968baa-8401-828a-6a97-f74dffeb5731/AppIcon-0-0-1x_U007emarketing-0-0-0-7-0-85-220.png/150x150bb.png,https://is3-ssl.mzstatic.com/image/thumb/Purple113/v4/f9/96/8b/f9968baa-8401-828a-6a97-f74dffeb5731/AppIcon-0-0-1x_U007emarketing-0-0-0-7-0-85-220.png/150x150bb.png,1053012308.0,,,True,Clash Royale,ios,0.0,http://supercell.com/privacy-policy/,,Finland,,488106216.0,Supercell,/ios/publisher/supercell/488106216,20.0,4.5,1529760.0,105685.0,4.5,2016-03-02T07:25:45Z,,True,https://supercell.helpshift.com/a/clash-royale/,2019-11-30T00:00:00Z,https://apps.apple.com/US/app/id1053012308?l=en,"['US', 'AU', 'CA', 'CN', 'FR', 'DE', 'GB', 'IT', 'JP', 'KR', 'RU', 'DZ', 'AO', 'AR', 'AT', 'AZ', 'BB', 'BY', 'BE', 'BM', 'BR', 'BG', 'CL', 'CO', 'CR', 'HR', 'CZ', 'DK', 'DO', 'EC', 'EG', 'SV', 'FI', 'GH', 'GR', 'GT', 'HK', 'HU', 'IN', 'ID', 'IE', 'IL', 'KZ', 'KE', 'KW', 'LB', 'LT', 'LU', 'MO', 'MG', 'MY', 'MX', 'NL', 'NZ', 'NG', 'NO', 'OM', 'PK', 'PA', 'PE', 'PH', 'PL', 'PT', 'QA', 'RO', 'SA', 'SG', 'SK', 'SI', 'ZA', 'ES', 'LK', 'SE', 'CH', 'TW', 'TH', 'TN', 'TR', 'UA', 'AE', 'UY', 'UZ', 'VE']",3.2.1,
60,"['Infrequent/Mild Alcohol, Tobacco, or Drug Use or References']",1486931468.0,1486931468.0,/ios/us/lion-studios/app/id-please-club-simulation/1486931468/,,,com.NeverEndingGames.IdPlease,,US,"[6014, 7003, 7015]",12+,6.0,2020-02-17T00:00:00Z,,,17791.0,ID Please - Club Simulation,"{'downloads': 700000, 'downloads_rounded': 700, 'prefix': None, 'string': '700k', 'units': 'k'}","{'prefix': '< $', 'revenue': 1000, 'revenue_rounded': 5, 'string': '< $5k', 'units': 'k'}",https://is2-ssl.mzstatic.com/image/thumb/Purple113/v4/dd/85/ce/dd85ce89-7beb-fd2d-b6cf-00f21199ca67/AppIcon-0-0-1x_U007emarketing-0-0-0-7-0-85-220.png/150x150bb.png,https://is2-ssl.mzstatic.com/image/thumb/Purple113/v4/dd/85/ce/dd85ce89-7beb-fd2d-b6cf-00f21199ca67/AppIcon-0-0-1x_U007emarketing-0-0-0-7-0-85-220.png/150x150bb.png,https://is2-ssl.mzstatic.com/image/thumb/Purple113/v4/dd/85/ce/dd85ce89-7beb-fd2d-b6cf-00f21199ca67/AppIcon-0-0-1x_U007emarketing-0-0-0-7-0-85-220.png/150x150bb.png,1486931468.0,,,True,ID Please - Club Simulation,ios,0.0,https://lionstudios.cc/privacy/,,US,,1362220666.0,Lion Studios,/ios/publisher/lion-studios/1362220666,21.0,4.5,12187.0,491.0,4.5,2019-11-30T02:51:17Z,,,https://lionstudios.cc/contact-us/,2020-02-19T00:00:00Z,https://apps.apple.com/US/app/id1486931468?l=en,"['US', 'AU', 'CA', 'CN', 'FR', 'DE', 'GB', 'IT', 'JP', 'KR', 'RU', 'DZ', 'AO', 'AR', 'AT', 'AZ', 'BB', 'BY', 'BE', 'BM', 'BR', 'BG', 'CL', 'CO', 'CR', 'HR', 'CZ', 'DK', 'DO', 'EC', 'EG', 'SV', 'FI', 'GH', 'GR', 'GT', 'HK', 'HU', 'IN', 'ID', 'IE', 'IL', 'KZ', 'KE', 'KW', 'LB', 'LT', 'LU', 'MO', 'MG', 'MY', 'MX', 'NL', 'NZ', 'NG', 'NO', 'OM', 'PK', 'PA', 'PE', 'PH', 'PL', 'PT', 'QA', 'RO', 'SA', 'SG', 'SK', 'SI', 'ZA', 'ES', 'LK', 'SE', 'CH', 'TW', 'TH', 'TN', 'TR', 'UA', 'AE', 'UY', 'UZ', 'VE', 'VN']",1.5.13,http://lionstudios.cc
61,['Unrestricted Web Access'],529815782.0,529815782.0,/ios/us/domus-technica/app/the-wonder-weeks/529815782/,,,com.domustechnica.tww,,US,"[6013, 6012]",17+,-1.0,2020-02-17T00:00:00Z,https://itunes.apple.com/WebObjects/MZStore.woa/wa/viewEula?cc=vn&id=529815782,https://is1-ssl.mzstatic.com/image/thumb/Features123/v4/ba/03/58/ba035805-a38d-2db7-d7ba-e60bab78206b/source/4320x1080.png,151299.0,The Wonder Weeks,"{'downloads': 20000, 'downloads_rounded': 20, 'prefix': None, 'string': '20k', 'units': 'k'}","{'prefix': '$', 'revenue': 100000, 'revenue_rounded': 100, 'string': '$100k', 'units': 'k'}",https://is2-ssl.mzstatic.com/image/thumb/Purple123/v4/de/69/63/de69633c-ca28-ab8b-24ec-979713985dae/AppIcon-0-0-1x_U007emarketing-0-0-0-7-0-0-sRGB-0-0-0-GLES2_U002c0-512MB-85-220-0-0.png/150x150bb.png,https://is2-ssl.mzstatic.com/image/thumb/Purple123/v4/de/69/63/de69633c-ca28-ab8b-24ec-979713985dae/AppIcon-0-0-1x_U007emarketing-0-0-0-7-0-0-sRGB-0-0-0-GLES2_U002c0-512MB-85-220-0-0.png/150x150bb.png,https://is2-ssl.mzstatic.com/image/thumb/Purple123/v4/de/69/63/de69633c-ca28-ab8b-24ec-979713985dae/AppIcon-0-0-1x_U007emarketing-0-0-0-7-0-0-sRGB-0-0-0-GLES2_U002c0-512MB-85-220-0-0.png/150x150bb.png,529815782.0,,,True,The Wonder Weeks,ios,3.99,http://www.thewonderweeks.com/privacy-policy/,,Netherlands,,529815785.0,Domus Technica,/ios/publisher/domus-technica/529815785,21.0,5.0,59972.0,2165.0,5.0,2012-05-30T23:16:56Z,,,http://support.thewonderweeks.com/,2020-01-03T00:00:00Z,https://apps.apple.com/US/app/id529815782?l=en,"['US', 'AU', 'CA', 'CN', 'FR', 'DE', 'GB', 'IT', 'JP', 'KR', 'RU', 'DZ', 'AO', 'AR', 'AT', 'AZ', 'BB', 'BY', 'BE', 'BM', 'BR', 'BG', 'CL', 'CO', 'CR', 'HR', 'CZ', 'DK', 'DO', 'EC', 'EG', 'SV', 'FI', 'GH', 'GR', 'GT', 'HK', 'HU', 'IN', 'ID', 'IE', 'IL', 'KZ', 'KE', 'KW', 'LB', 'LT', 'LU', 'MO', 'MG', 'MY', 'MX', 'NL', 'NZ', 'NG', 'NO', 'OM', 'PK', 'PA', 'PE', 'PH', 'PL', 'PT', 'QA', 'RO', 'SA', 'SG', 'SK', 'SI', 'ZA', 'ES', 'LK', 'SE', 'CH', 'TW', 'TH', 'TN', 'TR', 'UA', 'AE', 'UY', 'UZ', 'VE', 'VN']",9.0.4,http://www.thewonderweeks.com
62,[],1010962391.0,1010962391.0,/ios/us/crowdstar-inc/app/design-home/1010962391/,,,com.crowdstar.covetHome,True,US,"[6014, 7015, 6012]",4+,12.0,2020-02-17T00:00:00Z,https://itunes.apple.com/WebObjects/MZStore.woa/wa/viewEula?cc=uz&id=1010962391,https://is3-ssl.mzstatic.com/image/thumb/Features128/v4/8b/1d/e4/8b1de4dc-59db-3cb2-e060-f5f5026b7cbe/source/4320x1080.png,506755.0,Design Home,"{'downloads': 900000, 'downloads_rounded': 900, 'prefix': None, 'string': '900k', 'units': 'k'}","{'prefix': '$', 'revenue': 6000000, 'revenue_rounded': 6, 'string': '$6m', 'units': 'm'}",https://is2-ssl.mzstatic.com/image/thumb/Purple124/v4/61/db/7d/61db7d26-8a5c-db55-20de-64231ba3033e/AppIcon-0-1x_U007emarketing-0-85-220-0-7.png/150x150bb.png,https://is2-ssl.mzstatic.com/image/thumb/Purple124/v4/61/db/7d/61db7d26-8a5c-db55-20de-64231ba3033e/AppIcon-0-1x_U007emarketing-0-85-220-0-7.png/150x150bb.png,https://is2-ssl.mzstatic.com/image/thumb/Purple124/v4/61/db/7d/61db7d26-8a5c-db55-20de-64231ba3033e/AppIcon-0-1x_U007emarketing-0-85-220-0-7.png/150x150bb.png,1010962391.0,,,True,Design Home,ios,0.0,https://www.glu.com/privacy,,US,,321598392.0,Crowdstar Inc,/ios/publisher/crowdstar-inc/321598392,21.0,4.5,301882.0,6792.0,4.5,2016-11-15T22:30:26Z,,True,https://designhome.helpshift.com/a/design-homes/,2020-02-19T00:00:00Z,https://apps.apple.com/US/app/id1010962391?l=en,"['US', 'AU', 'CA', 'CN', 'FR', 'DE', 'GB', 'IT', 'JP', 'KR', 'RU', 'DZ', 'AO', 'AR', 'AT', 'AZ', 'BB', 'BY', 'BE', 'BM', 'BR', 'BG', 'CL', 'CO', 'CR', 'HR', 'CZ', 'DK', 'DO', 'EC', 'EG', 'SV', 'FI', 'GH', 'GR', 'GT', 'HK', 'HU', 'IN', 'ID', 'IE', 'IL', 'KZ', 'KE', 'KW', 'LB', 'LT', 'LU', 'MO', 'MG', 'MY', 'MX', 'NL', 'NZ', 'NG', 'NO', 'OM', 'PK', 'PA', 'PE', 'PH', 'PL', 'PT', 'QA', 'RO', 'SA', 'SG', 'SK', 'SI', 'ZA', 'ES', 'LK', 'SE', 'CH', 'TW', 'TH', 'TN', 'TR', 'UA', 'AE', 'UY', 'UZ', 'VE', 'VN']",1.45.020,https://www.glu.com
63,[],1456288628.0,1456288628.0,/ios/us/kilo-grupe-uab/app/dofasting-fasting-tracker/1456288628/,,,com.kilogroup.dofasting,,US,"[6013, 6012]",4+,-16.0,2020-02-17T00:00:00Z,,,9832.0,DoFasting - Fasting Tracker,"{'downloads': 100000, 'downloads_rounded': 100, 'prefix': None, 'string': '100k', 'units': 'k'}","{'prefix': '$', 'revenue': 200000, 'revenue_rounded': 200, 'string': '$200k', 'units': 'k'}",https://is1-ssl.mzstatic.com/image/thumb/Purple113/v4/0b/c7/54/0bc754ba-a604-7b35-411a-015ea1f833e0/AppIcon-0-1x_U007emarketing-0-85-220-0-5.png/150x150bb.png,https://is1-ssl.mzstatic.com/image/thumb/Purple113/v4/0b/c7/54/0bc754ba-a604-7b35-411a-015ea1f833e0/AppIcon-0-1x_U007emarketing-0-85-220-0-5.png/150x150bb.png,https://is1-ssl.mzstatic.com/image/thumb/Purple113/v4/0b/c7/54/0bc754ba-a604-7b35-411a-015ea1f833e0/AppIcon-0-1x_U007emarketing-0-85-220-0-5.png/150x150bb.png,1456288628.0,,,True,DoFasting - Fasting Tracker,ios,0.0,https://dofasting.com/privacy-policy/,,,,1391139643.0,"Kilo grupe, UAB",/ios/publisher/kilo-grupe-uab/1391139643,22.0,4.5,6326.0,833.0,3.5,2019-05-26T16:24:48Z,,,https://dofasting.com/privacy-policy/,2020-02-10T00:00:00Z,https://apps.apple.com/US/app/id1456288628?l=en,"['US', 'AU', 'CA', 'CN', 'FR', 'DE', 'GB', 'IT', 'JP', 'KR', 'RU', 'DZ', 'AO', 'AR', 'AT', 'AZ', 'BB', 'BY', 'BE', 'BM', 'BR', 'BG', 'CL', 'CO', 'CR', 'HR', 'CZ', 'DK', 'DO', 'EC', 'EG', 'SV', 'FI', 'GH', 'GR', 'GT', 'HK', 'HU', 'IN', 'ID', 'IE', 'IL', 'KZ', 'KE', 'KW', 'LB', 'LT', 'LU', 'MO', 'MG', 'MY', 'MX', 'NL', 'NZ', 'NG', 'NO', 'OM', 'PK', 'PA', 'PE', 'PH', 'PL', 'PT', 'QA', 'RO', 'SA', 'SG', 'SK', 'SI', 'ZA', 'ES', 'LK', 'SE', 'CH', 'TW', 'TH', 'TN', 'TR', 'UA', 'AE', 'UY', 'UZ', 'VE', 'VN']",2.3.5,https://dofasting.com/
64,[],1119482395.0,1119482395.0,/ios/us/toca-boca-ab/app/toca-hair-salon-3/1119482395/,,,com.tocaboca.tocahairsalon3,,US,"[6017, 6016]",4+,-9.0,2020-02-17T00:00:00Z,,,3532.0,Toca Hair Salon 3,"{'downloads': 20000, 'downloads_rounded': 20, 'prefix': None, 'string': '20k', 'units': 'k'}","{'prefix': '$', 'revenue': 100000, 'revenue_rounded': 100, 'string': '$100k', 'units': 'k'}",https://is4-ssl.mzstatic.com/image/thumb/Purple114/v4/dc/76/86/dc76864a-dbc3-33cc-c36f-fc0c2bbdac11/AppIcon-0-1x_U007emarketing-0-85-220-0-9.png/150x150bb.png,https://is4-ssl.mzstatic.com/image/thumb/Purple114/v4/dc/76/86/dc76864a-dbc3-33cc-c36f-fc0c2bbdac11/AppIcon-0-1x_U007emarketing-0-85-220-0-9.png/150x150bb.png,https://is4-ssl.mzstatic.com/image/thumb/Purple114/v4/dc/76/86/dc76864a-dbc3-33cc-c36f-fc0c2bbdac11/AppIcon-0-1x_U007emarketing-0-85-220-0-9.png/150x150bb.png,1119482395.0,,,,Toca Hair Salon 3,ios,3.99,http://tocaboca.com/privacy,,Sweden,,419103351.0,Toca Boca AB,/ios/publisher/toca-boca-ab/419103351,22.0,4.5,1895.0,602.0,4.0,2016-12-07T23:13:30Z,,True,https://tocaboca.com/help/,2019-03-01T00:00:00Z,https://apps.apple.com/US/app/id1119482395?l=en,"['US', 'AU', 'CA', 'CN', 'FR', 'DE', 'GB', 'IT', 'JP', 'KR', 'RU', 'DZ', 'AO', 'AR', 'AT', 'AZ', 'BB', 'BY', 'BE', 'BM', 'BR', 'BG', 'CL', 'CO', 'CR', 'HR', 'CZ', 'DK', 'DO', 'EC', 'EG', 'SV', 'FI', 'GH', 'GR', 'GT', 'HK', 'HU', 'IN', 'ID', 'IE', 'IL', 'KZ', 'KE', 'KW', 'LB', 'LT', 'LU', 'MO', 'MG', 'MY', 'MX', 'NL', 'NZ', 'NG', 'NO', 'OM', 'PK', 'PA', 'PE', 'PH', 'PL', 'PT', 'QA', 'RO', 'SA', 'SG', 'SK', 'SI', 'ZA', 'ES', 'LK', 'SE', 'CH', 'TW', 'TH', 'TN', 'TR', 'UA', 'AE', 'UY', 'UZ', 'VE', 'VN']",1.2.7,https://tocaboca.com
65,"['Infrequent/Mild Alcohol, Tobacco, or Drug Use or References', 'Frequent/Intense Mature/Suggestive Themes', 'Infrequent/Mild Horror/Fear Themes', 'Infrequent/Mild Simulated Gambling', 'Frequent/Intense Realistic Violence', 'Frequent/Intense Sexual Content or Nudity', 'Frequent/Intense Cartoon or Fantasy Violence', 'Frequent/Intense Profanity or Crude Humor']",971265422.0,971265422.0,/ios/us/hbo/app/hbo-now-stream-tv-movies/971265422/,,,com.hbo.hbonow,True,US,"[6016, 6012]",17+,0.0,2020-02-17T00:00:00Z,,https://is2-ssl.mzstatic.com/image/thumb/Features128/v4/d5/ef/48/d5ef48d9-1059-d7d4-5b21-73a1fa927c05/source/4320x1080.png,15366.0,HBO NOW: Stream TV,"{'downloads': 200000, 'downloads_rounded': 200, 'prefix': None, 'string': '200k', 'units': 'k'}","{'prefix': '$', 'revenue': 5000000, 'revenue_rounded': 5, 'string': '$5m', 'units': 'm'}",https://is4-ssl.mzstatic.com/image/thumb/Purple123/v4/39/29/8a/39298ab6-22b6-97c3-c994-997e518d2c48/AppIconNOW-0-0-1x_U007emarketing-0-0-0-7-85-220.png/150x150bb.png,https://is4-ssl.mzstatic.com/image/thumb/Purple123/v4/39/29/8a/39298ab6-22b6-97c3-c994-997e518d2c48/AppIconNOW-0-0-1x_U007emarketing-0-0-0-7-85-220.png/150x150bb.png,https://is4-ssl.mzstatic.com/image/thumb/Purple123/v4/39/29/8a/39298ab6-22b6-97c3-c994-997e518d2c48/AppIconNOW-0-0-1x_U007emarketing-0-0-0-7-85-220.png/150x150bb.png,971265422.0,,,True,HBO NOW: Stream TV & Movies,ios,0.0,https://play.hbonow.com/privacy,,US,,300988148.0,HBO,/ios/publisher/hbo/300988148,22.0,2.5,15366.0,403.0,3.0,2015-04-07T15:07:43Z,,True,http://help.hbonow.com/,2019-12-09T00:00:00Z,https://apps.apple.com/US/app/id971265422?l=en,['US'],25.0.0,http://www.hbonow.com
66,"['Infrequent/Mild Horror/Fear Themes', 'Infrequent/Mild Medical/Treatment Information', 'Infrequent/Mild Profanity or Crude Humor', 'Infrequent/Mild Mature/Suggestive Themes']",310633997.0,310633997.0,/ios/us/whatsapp-inc/app/whatsapp-messenger/310633997/,,,net.whatsapp.WhatsApp,True,US,"[6005, 6002]",12+,-2.0,2020-02-17T00:00:00Z,https://itunes.apple.com/WebObjects/MZStore.woa/wa/viewEula?cc=vn&id=310633997,https://is3-ssl.mzstatic.com/image/thumb/Features127/v4/3a/c4/4f/3ac44fce-d9d3-aad1-5492-17dc8b81a018/source/4320x1080.png,42115878.0,WhatsApp Messenger,"{'downloads': 11000000, 'downloads_rounded': 11, 'prefix': None, 'string': '11m', 'units': 'm'}","{'prefix': '$', 'revenue': 8000, 'revenue_rounded': 8, 'string': '$8k', 'units': 'k'}",https://is5-ssl.mzstatic.com/image/thumb/Purple124/v4/cd/d2/ee/cdd2ee16-2228-b5d3-c4d3-018d813383ee/AppIcon-0-0-1x_U007emarketing-0-0-0-6-0-0-sRGB-85-220.png/150x150bb.png,https://is5-ssl.mzstatic.com/image/thumb/Purple124/v4/cd/d2/ee/cdd2ee16-2228-b5d3-c4d3-018d813383ee/AppIcon-0-0-1x_U007emarketing-0-0-0-6-0-0-sRGB-85-220.png/150x150bb.png,https://is5-ssl.mzstatic.com/image/thumb/Purple124/v4/cd/d2/ee/cdd2ee16-2228-b5d3-c4d3-018d813383ee/AppIcon-0-0-1x_U007emarketing-0-0-0-6-0-0-sRGB-85-220.png/150x150bb.png,310633997.0,,,,WhatsApp Messenger,ios,0.0,https://www.whatsapp.com/legal/#Privacy,,US,,310634000.0,WhatsApp Inc.,/ios/publisher/whatsapp-inc/310634000,23.0,4.5,7418596.0,17554.0,4.5,2009-05-04T02:43:49Z,,True,http://www.whatsapp.com/faq/,2020-02-14T00:00:00Z,https://apps.apple.com/US/app/id310633997?l=en,"['US', 'AU', 'CA', 'CN', 'FR', 'DE', 'GB', 'IT', 'JP', 'KR', 'RU', 'DZ', 'AO', 'AR', 'AT', 'AZ', 'BB', 'BY', 'BE', 'BM', 'BR', 'BG', 'CL', 'CO', 'CR', 'HR', 'CZ', 'DK', 'DO', 'EC', 'EG', 'SV', 'FI', 'GH', 'GR', 'GT', 'HK', 'HU', 'IN', 'ID', 'IE', 'IL', 'KZ', 'KE', 'KW', 'LB', 'LT', 'LU', 'MO', 'MG', 'MY', 'MX', 'NL', 'NZ', 'NG', 'NO', 'OM', 'PK', 'PA', 'PE', 'PH', 'PL', 'PT', 'QA', 'RO', 'SA', 'SG', 'SK', 'SI', 'ZA', 'ES', 'LK', 'SE', 'CH', 'TW', 'TH', 'TN', 'TR', 'UA', 'AE', 'UY', 'UZ', 'VE', 'VN']",2.20.22,http://www.whatsapp.com/
67,"['Infrequent/Mild Cartoon or Fantasy Violence', 'Infrequent/Mild Horror/Fear Themes', 'Infrequent/Mild Mature/Suggestive Themes']",640364616.0,640364616.0,/ios/us/505-games-us-inc/app/terraria/640364616/,,,com.505games.terraria,,US,"[6014, 7002, 6016, 7015]",9+,2.0,2020-02-17T00:00:00Z,,,236325.0,Terraria,"{'downloads': 20000, 'downloads_rounded': 20, 'prefix': None, 'string': '20k', 'units': 'k'}","{'prefix': '$', 'revenue': 100000, 'revenue_rounded': 100, 'string': '$100k', 'units': 'k'}",https://is3-ssl.mzstatic.com/image/thumb/Purple113/v4/ad/53/08/ad53086b-7ebc-4dd6-e889-1d39a27e2d23/AppIcon-0-1x_U007emarketing-0-0-GLES2_U002c0-512MB-sRGB-0-0-0-85-220-0-0-0-7.png/150x150bb.png,https://is3-ssl.mzstatic.com/image/thumb/Purple113/v4/ad/53/08/ad53086b-7ebc-4dd6-e889-1d39a27e2d23/AppIcon-0-1x_U007emarketing-0-0-GLES2_U002c0-512MB-sRGB-0-0-0-85-220-0-0-0-7.png/150x150bb.png,https://is3-ssl.mzstatic.com/image/thumb/Purple113/v4/ad/53/08/ad53086b-7ebc-4dd6-e889-1d39a27e2d23/AppIcon-0-1x_U007emarketing-0-0-GLES2_U002c0-512MB-sRGB-0-0-0-85-220-0-0-0-7.png/150x150bb.png,640364616.0,,,,Terraria,ios,4.99,https://505games.com/privacy,,US,,392990484.0,"505 Games (US), Inc.",/ios/publisher/505-games-us-inc/392990484,23.0,4.5,121446.0,2337.0,4.0,2013-08-29T01:48:49Z,,True,https://support.505games.com,2019-11-08T00:00:00Z,https://apps.apple.com/US/app/id640364616?l=en,"['US', 'AU', 'CA', 'FR', 'DE', 'GB', 'IT', 'KR', 'RU', 'DZ', 'AO', 'AR', 'AT', 'AZ', 'BB', 'BY', 'BE', 'BM', 'BR', 'BG', 'CL', 'CO', 'CR', 'HR', 'CZ', 'DK', 'DO', 'EC', 'EG', 'SV', 'FI', 'GH', 'GR', 'GT', 'HU', 'IN', 'ID', 'IE', 'IL', 'KZ', 'KE', 'KW', 'LB', 'LT', 'LU', 'MG', 'MY', 'MX', 'NL', 'NZ', 'NG', 'NO', 'OM', 'PK', 'PA', 'PE', 'PH', 'PL', 'PT', 'QA', 'RO', 'SA', 'SG', 'SK', 'SI', 'ZA', 'ES', 'LK', 'SE', 'CH', 'TH', 'TN', 'TR', 'UA', 'AE', 'UY', 'UZ', 'VE', 'VN']",1.3.0.7.7,http://www.terraria.org
68,"['Infrequent/Mild Mature/Suggestive Themes', 'Infrequent/Mild Profanity or Crude Humor', 'Infrequent/Mild Sexual Content and Nudity', 'Infrequent/Mild Alcohol, Tobacco, or Drug Use or References']",510855668.0,510855668.0,/ios/us/amzn-mobile-llc/app/amazon-music/510855668/,,,com.amazon.mp3.AmazonCloudPlayer,True,US,"[6011, 6016]",12+,0.0,2020-02-17T00:00:00Z,,,900100.0,Amazon Music,"{'downloads': 2000000, 'downloads_rounded': 2, 'prefix': None, 'string': '2m', 'units': 'm'}","{'prefix': '$', 'revenue': 6000000, 'revenue_rounded': 6, 'string': '$6m', 'units': 'm'}",https://is2-ssl.mzstatic.com/image/thumb/Purple124/v4/9d/4f/60/9d4f6037-2e0b-eaa9-52ff-2b7e004fa709/AppIcon-0-0-1x_U007emarketing-0-0-0-10-0-0-sRGB-0-0-0-GLES2_U002c0-512MB-85-220-0-0.png/150x150bb.png,https://is2-ssl.mzstatic.com/image/thumb/Purple124/v4/9d/4f/60/9d4f6037-2e0b-eaa9-52ff-2b7e004fa709/AppIcon-0-0-1x_U007emarketing-0-0-0-10-0-0-sRGB-0-0-0-GLES2_U002c0-512MB-85-220-0-0.png/150x150bb.png,https://is2-ssl.mzstatic.com/image/thumb/Purple124/v4/9d/4f/60/9d4f6037-2e0b-eaa9-52ff-2b7e004fa709/AppIcon-0-0-1x_U007emarketing-0-0-0-10-0-0-sRGB-0-0-0-GLES2_U002c0-512MB-85-220-0-0.png/150x150bb.png,510855668.0,,,True,Amazon Music,ios,0.0,http://www.amazon.de/gp/help/customer/display.html?nodeId=3312401&pop-up=1,,US,,297606954.0,AMZN Mobile LLC,/ios/publisher/amzn-mobile-llc/297606954,23.0,4.5,517541.0,2167.0,4.5,2012-06-12T02:53:05Z,,,http://www.amazon.com/gp/help/customer/display.html?nodeId=200805330&pop-up=1,2020-02-14T00:00:00Z,https://apps.apple.com/US/app/id510855668?l=en,"['US', 'AU', 'CA', 'FR', 'DE', 'GB', 'IT', 'JP', 'AR', 'AT', 'BE', 'BR', 'BG', 'CL', 'CO', 'CR', 'CZ', 'DO', 'EC', 'SV', 'FI', 'GR', 'GT', 'HU', 'IN', 'IE', 'LT', 'LU', 'MX', 'NL', 'NZ', 'PA', 'PE', 'PL', 'PT', 'SK', 'ES', 'SE', 'CH', 'UY']",9.5.1,
69,[],1446075923.0,1446075923.0,/ios/us/disney/app/disney/1446075923/,,,com.disney.disneyplus,,US,[6016],4+,1.0,2020-02-17T00:00:00Z,,https://is2-ssl.mzstatic.com/image/thumb/Features113/v4/ea/d0/9e/ead09e7d-1350-7c98-4fb8-2504fa06dc3a/source/4320x1080.png,105918.0,Disney+,"{'downloads': 5000000, 'downloads_rounded': 5, 'prefix': None, 'string': '5m', 'units': 'm'}","{'prefix': '$', 'revenue': 18000000, 'revenue_rounded': 18, 'string': '$18m', 'units': 'm'}",https://is3-ssl.mzstatic.com/image/thumb/Purple124/v4/a9/d1/57/a9d15796-fe9f-72a0-55de-404709d924e0/AppIcon-0-0-1x_U007emarketing-0-0-0-7-0-0-sRGB-0-0-0-GLES2_U002c0-512MB-85-220-0-0.png/150x150bb.png,https://is3-ssl.mzstatic.com/image/thumb/Purple124/v4/a9/d1/57/a9d15796-fe9f-72a0-55de-404709d924e0/AppIcon-0-0-1x_U007emarketing-0-0-0-7-0-0-sRGB-0-0-0-GLES2_U002c0-512MB-85-220-0-0.png/150x150bb.png,https://is3-ssl.mzstatic.com/image/thumb/Purple124/v4/a9/d1/57/a9d15796-fe9f-72a0-55de-404709d924e0/AppIcon-0-0-1x_U007emarketing-0-0-0-7-0-0-sRGB-0-0-0-GLES2_U002c0-512MB-85-220-0-0.png/150x150bb.png,1446075923.0,,,True,Disney+,ios,0.0,https://privacy.thewaltdisneycompany.com/nl/privacybeleid/,,US,,284888248.0,Disney,/ios/publisher/disney/284888248,24.0,4.5,90260.0,212.0,4.0,2019-11-12T06:46:25Z,,,https://help.disneyplus.com,2020-02-18T00:00:00Z,https://apps.apple.com/US/app/id1446075923?l=en,"['US', 'AU', 'CA', 'NL', 'NZ']",1.3.0,https://disneyplus.com
70,"['Frequent/Intense Horror/Fear Themes', 'Infrequent/Mild Cartoon or Fantasy Violence']",1497319834.0,1497319834.0,/ios/us/joey-drew-studios-inc/app/boris-and-the-dark-survival/1497319834/,,,com.jds.batds,,US,"[6014, 7002, 7001]",12+,-1.0,2020-02-17T00:00:00Z,,,158.0,Boris and the Dark Survival,"{'downloads': 1000, 'downloads_rounded': 5, 'prefix': '< ', 'string': '< 5k', 'units': 'k'}","{'prefix': '< $', 'revenue': 1000, 'revenue_rounded': 5, 'string': '< $5k', 'units': 'k'}",https://is1-ssl.mzstatic.com/image/thumb/Purple114/v4/94/4c/c9/944cc913-e1b1-7738-f544-6b110f2a14de/AppIcon-0-0-1x_U007emarketing-0-0-0-7-0-0-sRGB-0-0-0-GLES2_U002c0-512MB-85-220-0-0.png/150x150bb.png,https://is1-ssl.mzstatic.com/image/thumb/Purple114/v4/94/4c/c9/944cc913-e1b1-7738-f544-6b110f2a14de/AppIcon-0-0-1x_U007emarketing-0-0-0-7-0-0-sRGB-0-0-0-GLES2_U002c0-512MB-85-220-0-0.png/150x150bb.png,https://is1-ssl.mzstatic.com/image/thumb/Purple114/v4/94/4c/c9/944cc913-e1b1-7738-f544-6b110f2a14de/AppIcon-0-0-1x_U007emarketing-0-0-0-7-0-0-sRGB-0-0-0-GLES2_U002c0-512MB-85-220-0-0.png/150x150bb.png,1497319834.0,,,,Boris and the Dark Survival,ios,0.99,http://joeydrewstudios.com/privacypolicy,,,,1276738965.0,Joey Drew Studios Inc.,/ios/publisher/joey-drew-studios-inc/1276738965,24.0,4.5,101.0,101.0,4.5,2020-02-14T04:33:59Z,,,http://joeydrewstudios.com,2020-02-14T00:00:00Z,https://apps.apple.com/US/app/id1497319834?l=en,"['US', 'AU', 'CA', 'CN', 'FR', 'DE', 'GB', 'IT', 'JP', 'KR', 'RU', 'DZ', 'AO', 'AR', 'AT', 'AZ', 'BB', 'BY', 'BE', 'BM', 'BR', 'BG', 'CL', 'CO', 'CR', 'HR', 'CZ', 'DK', 'DO', 'EC', 'EG', 'SV', 'FI', 'GH', 'GR', 'GT', 'HK', 'HU', 'IN', 'ID', 'IE', 'IL', 'KZ', 'KE', 'KW', 'LB', 'LT', 'LU', 'MO', 'MG', 'MY', 'MX', 'NL', 'NZ', 'NG', 'NO', 'OM', 'PK', 'PA', 'PE', 'PH', 'PL', 'PT', 'QA', 'RO', 'SA', 'SG', 'SK', 'SI', 'ZA', 'ES', 'LK', 'SE', 'CH', 'TW', 'TH', 'TN', 'TR', 'UA', 'AE', 'UY', 'UZ', 'VE', 'VN']",1.0,
71,[],850417475.0,850417475.0,/ios/us/king/app/candy-crush-soda-saga/850417475/,,,com.midasplayer.apps.candycrushsodasaga,True,US,"[6014, 7003, 7012]",4+,1.0,2020-02-17T00:00:00Z,https://itunes.apple.com/WebObjects/MZStore.woa/wa/viewEula?cc=vn&id=850417475,https://is5-ssl.mzstatic.com/image/thumb/Features117/v4/49/e4/33/49e433c6-607d-64c2-5019-4b915ff6a2f2/source/4320x1080.png,1241119.0,Candy Crush Soda Saga,"{'downloads': 800000, 'downloads_rounded': 800, 'prefix': None, 'string': '800k', 'units': 'k'}","{'prefix': '$', 'revenue': 12000000, 'revenue_rounded': 12, 'string': '$12m', 'units': 'm'}",https://is1-ssl.mzstatic.com/image/thumb/Purple123/v4/97/99/f3/9799f34d-6add-16af-b90d-b5643ed260a8/AppIcon-0-1x_U007emarketing-0-85-220-0-10.png/150x150bb.png,https://is1-ssl.mzstatic.com/image/thumb/Purple123/v4/97/99/f3/9799f34d-6add-16af-b90d-b5643ed260a8/AppIcon-0-1x_U007emarketing-0-85-220-0-10.png/150x150bb.png,https://is1-ssl.mzstatic.com/image/thumb/Purple123/v4/97/99/f3/9799f34d-6add-16af-b90d-b5643ed260a8/AppIcon-0-1x_U007emarketing-0-85-220-0-10.png/150x150bb.png,850417475.0,,,True,Candy Crush Soda Saga,ios,0.0,https://king.com/privacyPolicy,,Great Britain,,526656015.0,King,/ios/publisher/king/526656015,24.0,4.5,393820.0,8553.0,4.5,2014-11-11T09:57:44Z,,True,http://candycrushsodasaga.com/help,2020-02-07T00:00:00Z,https://apps.apple.com/US/app/id850417475?l=en,"['US', 'AU', 'CA', 'CN', 'FR', 'DE', 'GB', 'IT', 'JP', 'KR', 'RU', 'DZ', 'AO', 'AR', 'AT', 'AZ', 'BB', 'BY', 'BE', 'BM', 'BR', 'BG', 'CL', 'CO', 'CR', 'HR', 'CZ', 'DK', 'DO', 'EC', 'EG', 'SV', 'FI', 'GH', 'GR', 'GT', 'HK', 'HU', 'IN', 'ID', 'IE', 'IL', 'KZ', 'KE', 'KW', 'LB', 'LT', 'LU', 'MO', 'MG', 'MY', 'MX', 'NL', 'NZ', 'NG', 'NO', 'OM', 'PK', 'PA', 'PE', 'PH', 'PL', 'PT', 'QA', 'RO', 'SA', 'SG', 'SK', 'SI', 'ZA', 'ES', 'LK', 'SE', 'CH', 'TW', 'TH', 'TN', 'TR', 'UA', 'AE', 'UY', 'UZ', 'VE', 'VN']",1.157.4,http://candycrushsodasaga.com/
72,[],585027354.0,585027354.0,/ios/us/google-llc/app/google-maps-transit-food/585027354/,,,com.google.Maps,True,US,"[6010, 6023]",4+,1.0,2020-02-17T00:00:00Z,,,12403171.0,Google Maps,"{'downloads': 8000000, 'downloads_rounded': 8, 'prefix': None, 'string': '8m', 'units': 'm'}","{'prefix': '< $', 'revenue': 1000, 'revenue_rounded': 5, 'string': '< $5k', 'units': 'k'}",https://is4-ssl.mzstatic.com/image/thumb/Purple123/v4/c2/47/5e/c2475e9e-8453-89c6-03bd-5e6901b8f659/logo_maps_ios_color-0-1x_U007emarketing-0-0-GLES2_U002c0-512MB-sRGB-0-0-0-85-220-0-0-0-6.png/150x150bb.png,https://is4-ssl.mzstatic.com/image/thumb/Purple123/v4/c2/47/5e/c2475e9e-8453-89c6-03bd-5e6901b8f659/logo_maps_ios_color-0-1x_U007emarketing-0-0-GLES2_U002c0-512MB-sRGB-0-0-0-85-220-0-0-0-6.png/150x150bb.png,https://is4-ssl.mzstatic.com/image/thumb/Purple123/v4/c2/47/5e/c2475e9e-8453-89c6-03bd-5e6901b8f659/logo_maps_ios_color-0-1x_U007emarketing-0-0-GLES2_U002c0-512MB-sRGB-0-0-0-85-220-0-0-0-6.png/150x150bb.png,585027354.0,True,https://is1-ssl.mzstatic.com/image/thumb/Purple123/v4/bb/06/a4/bb06a420-b6bf-7e32-9dd5-d1cee52378c6/contsched.vxeajbqb.png/768x1024bb.png,,Google Maps - Transit & Food,ios,0.0,http://www.google.com/policies/privacy/,,US,,281956209.0,Google LLC,/ios/publisher/google-llc/281956209,25.0,4.5,3155697.0,23368.0,4.5,2012-12-13T04:21:00Z,,True,https://support.google.com/maps?p=ios_store1,2020-02-11T00:00:00Z,https://apps.apple.com/US/app/id585027354?l=en,"['US', 'AU', 'CA', 'CN', 'FR', 'DE', 'GB', 'IT', 'JP', 'KR', 'RU', 'DZ', 'AO', 'AR', 'AT', 'BB', 'BY', 'BE', 'BM', 'BR', 'BG', 'CL', 'CO', 'CR', 'HR', 'CZ', 'DK', 'DO', 'EC', 'EG', 'SV', 'FI', 'GH', 'GR', 'GT', 'HK', 'HU', 'IN', 'ID', 'IE', 'IL', 'KZ', 'KE', 'KW', 'LB', 'LT', 'LU', 'MO', 'MG', 'MY', 'MX', 'NL', 'NZ', 'NG', 'NO', 'OM', 'PK', 'PA', 'PE', 'PH', 'PL', 'PT', 'QA', 'RO', 'SA', 'SG', 'SK', 'SI', 'ZA', 'ES', 'LK', 'SE', 'CH', 'TW', 'TH', 'TN', 'TR', 'UA', 'AE', 'UY', 'VE', 'VN']",5.37,http://maps.google.com/about
73,[],497716362.0,497716362.0,/ios/us/tonalenergy-inc/app/tonalenergy-tuner-metronome/497716362/,True,https://is5-ssl.mzstatic.com/image/thumb/Purple113/v4/6d/83/8f/6d838f05-5edc-926d-1ea1-aea23728a1fe/AppIcon-0-1x_U007emarketing-0-0-GLES2_U002c0-512MB-sRGB-0-0-0-85-220-0-0-0-9.png/150x150bb.png,com.sonosaurus.TETuner,,US,"[6011, 6017]",4+,5.0,2020-02-17T00:00:00Z,,,24824.0,TonalEnergy Tuner,"{'downloads': 10000, 'downloads_rounded': 10, 'prefix': None, 'string': '10k', 'units': 'k'}","{'prefix': '$', 'revenue': 40000, 'revenue_rounded': 40, 'string': '$40k', 'units': 'k'}",https://is5-ssl.mzstatic.com/image/thumb/Purple113/v4/38/3f/19/383f19a5-fb68-afad-e0ba-ca93e500380c/AppIcon-0-1x_U007emarketing-0-0-GLES2_U002c0-512MB-sRGB-0-0-0-85-220-0-0-0-10.png/150x150bb.png,https://is5-ssl.mzstatic.com/image/thumb/Purple113/v4/38/3f/19/383f19a5-fb68-afad-e0ba-ca93e500380c/AppIcon-0-1x_U007emarketing-0-0-GLES2_U002c0-512MB-sRGB-0-0-0-85-220-0-0-0-10.png/150x150bb.png,https://is5-ssl.mzstatic.com/image/thumb/Purple113/v4/38/3f/19/383f19a5-fb68-afad-e0ba-ca93e500380c/AppIcon-0-1x_U007emarketing-0-0-GLES2_U002c0-512MB-sRGB-0-0-0-85-220-0-0-0-10.png/150x150bb.png,497716362.0,,,,TonalEnergy Tuner & Metronome,ios,3.99,https://sonosaurus.com/tonalenergy_privacy,,,,1448604955.0,"TonalEnergy, Inc",/ios/publisher/tonalenergy-inc/1448604955,25.0,5.0,21230.0,4242.0,5.0,2012-02-18T00:24:35Z,,True,https://tonalenergy.com/contact/,2019-08-14T00:00:00Z,https://apps.apple.com/US/app/id497716362?l=en,"['US', 'AU', 'CA', 'CN', 'FR', 'DE', 'GB', 'IT', 'JP', 'KR', 'RU', 'DZ', 'AO', 'AR', 'AT', 'AZ', 'BB', 'BY', 'BE', 'BM', 'BR', 'BG', 'CL', 'CO', 'CR', 'HR', 'CZ', 'DK', 'DO', 'EC', 'EG', 'SV', 'FI', 'GH', 'GR', 'GT', 'HK', 'HU', 'IN', 'ID', 'IE', 'IL', 'KZ', 'KE', 'KW', 'LB', 'LT', 'LU', 'MO', 'MG', 'MY', 'MX', 'NL', 'NZ', 'NG', 'NO', 'OM', 'PK', 'PA', 'PE', 'PH', 'PL', 'PT', 'QA', 'RO', 'SA', 'SG', 'SK', 'SI', 'ZA', 'ES', 'LK', 'SE', 'CH', 'TW', 'TH', 'TN', 'TR', 'UA', 'AE', 'UY', 'UZ', 'VE', 'VN']",1.7.2,https://tonalenergy.com
74,"['Infrequent/Mild Sexual Content and Nudity', 'Infrequent/Mild Realistic Violence', 'Frequent/Intense Mature/Suggestive Themes']",1077137248.0,1077137248.0,/ios/us/bigo-technology-pte-ltd/app/bigo-live-live-stream/1077137248/,,,sg.bigo.live,True,US,"[6005, 6016]",17+,3.0,2020-02-17T00:00:00Z,,,96819.0,BIGO LIVE - Live Stream,"{'downloads': 600000, 'downloads_rounded': 600, 'prefix': None, 'string': '600k', 'units': 'k'}","{'prefix': '$', 'revenue': 8000000, 'revenue_rounded': 8, 'string': '$8m', 'units': 'm'}",https://is2-ssl.mzstatic.com/image/thumb/Purple114/v4/2e/20/ac/2e20ac29-fd3f-0c9c-926c-9ae6d066f335/AppIcon-0-1x_U007emarketing-0-0-85-220-0-10.png/150x150bb.png,https://is2-ssl.mzstatic.com/image/thumb/Purple114/v4/2e/20/ac/2e20ac29-fd3f-0c9c-926c-9ae6d066f335/AppIcon-0-1x_U007emarketing-0-0-85-220-0-10.png/150x150bb.png,https://is2-ssl.mzstatic.com/image/thumb/Purple114/v4/2e/20/ac/2e20ac29-fd3f-0c9c-926c-9ae6d066f335/AppIcon-0-1x_U007emarketing-0-0-85-220-0-10.png/150x150bb.png,1077137248.0,,,True,BIGO LIVE - Live Stream,ios,0.0,https://mobile.bigolive.tv/live/about/policy,,China,,940017134.0,BIGO TECHNOLOGY PTE. LTD.,/ios/publisher/bigo-technology-pte-ltd/940017134,25.0,4.0,16493.0,0.0,0.0,2016-03-12T00:35:29Z,,True,http://www.bigo.tv,2020-02-20T00:00:00Z,https://apps.apple.com/US/app/id1077137248?l=en,"['US', 'AU', 'CA', 'FR', 'DE', 'GB', 'IT', 'JP', 'KR', 'RU', 'DZ', 'AO', 'AR', 'AT', 'AZ', 'BB', 'BY', 'BE', 'BM', 'BR', 'BG', 'CL', 'CO', 'CR', 'HR', 'CZ', 'DK', 'DO', 'EC', 'EG', 'SV', 'FI', 'GH', 'GR', 'GT', 'HK', 'HU', 'IN', 'ID', 'IE', 'IL', 'KZ', 'KE', 'KW', 'LB', 'LT', 'LU', 'MO', 'MG', 'MY', 'MX', 'NL', 'NZ', 'NG', 'NO', 'OM', 'PK', 'PA', 'PE', 'PH', 'PL', 'PT', 'QA', 'RO', 'SA', 'SG', 'SK', 'SI', 'ZA', 'ES', 'LK', 'SE', 'CH', 'TW', 'TH', 'TN', 'TR', 'UA', 'AE', 'UY', 'UZ', 'VE', 'VN']",4.30.1,
75,[],1481293953.0,1481293953.0,/ios/us/kayac-inc/app/park-master/1481293953/,,,com.kayac.park-master,,US,"[6014, 7012]",4+,-6.0,2020-02-17T00:00:00Z,,,57249.0,Park Master,"{'downloads': 2000000, 'downloads_rounded': 2, 'prefix': None, 'string': '2m', 'units': 'm'}","{'prefix': '< $', 'revenue': 1000, 'revenue_rounded': 5, 'string': '< $5k', 'units': 'k'}",https://is3-ssl.mzstatic.com/image/thumb/Purple123/v4/f9/d2/25/f9d225cb-f1cc-c0c3-6f18-f6627cc7be80/AppIcon-0-0-1x_U007emarketing-0-0-0-7-0-0-sRGB-0-0-0-GLES2_U002c0-512MB-85-220-0-0.png/150x150bb.png,https://is3-ssl.mzstatic.com/image/thumb/Purple123/v4/f9/d2/25/f9d225cb-f1cc-c0c3-6f18-f6627cc7be80/AppIcon-0-0-1x_U007emarketing-0-0-0-7-0-0-sRGB-0-0-0-GLES2_U002c0-512MB-85-220-0-0.png/150x150bb.png,https://is3-ssl.mzstatic.com/image/thumb/Purple123/v4/f9/d2/25/f9d225cb-f1cc-c0c3-6f18-f6627cc7be80/AppIcon-0-0-1x_U007emarketing-0-0-0-7-0-0-sRGB-0-0-0-GLES2_U002c0-512MB-85-220-0-0.png/150x150bb.png,1481293953.0,,,,Park Master,ios,0.0,https://www.kayac.com/en/privacy,,Japan,,315952203.0,KAYAC Inc.,/ios/publisher/kayac-inc/315952203,26.0,4.5,51819.0,25954.0,4.5,2019-09-27T04:01:52Z,,,https://www.kayac.com/en,2020-02-17T00:00:00Z,https://apps.apple.com/US/app/id1481293953?l=en,"['US', 'AU', 'CA', 'CN', 'JP', 'KR', 'HK', 'TW']",1.8.0,https://www.kayac.com/en
76,"['Infrequent/Mild Cartoon or Fantasy Violence', 'Infrequent/Mild Realistic Violence']",1439187947.0,1439187947.0,/ios/us/ndemic-creations/app/rebel-inc/1439187947/,,,com.ndemiccreations.peaceinc,,US,"[6014, 7015, 7017]",12+,2.0,2020-02-17T00:00:00Z,,,104665.0,Rebel,"{'downloads': 50000, 'downloads_rounded': 50, 'prefix': None, 'string': '50k', 'units': 'k'}","{'prefix': '$', 'revenue': 200000, 'revenue_rounded': 200, 'string': '$200k', 'units': 'k'}",https://is4-ssl.mzstatic.com/image/thumb/Purple123/v4/0e/7d/68/0e7d684d-fa43-f13c-608d-4b50991a863d/AppIcon-0-0-1x_U007emarketing-0-0-0-7-0-0-sRGB-0-0-0-GLES2_U002c0-512MB-85-220-0-0.png/150x150bb.png,https://is4-ssl.mzstatic.com/image/thumb/Purple123/v4/0e/7d/68/0e7d684d-fa43-f13c-608d-4b50991a863d/AppIcon-0-0-1x_U007emarketing-0-0-0-7-0-0-sRGB-0-0-0-GLES2_U002c0-512MB-85-220-0-0.png/150x150bb.png,https://is4-ssl.mzstatic.com/image/thumb/Purple123/v4/0e/7d/68/0e7d684d-fa43-f13c-608d-4b50991a863d/AppIcon-0-0-1x_U007emarketing-0-0-0-7-0-0-sRGB-0-0-0-GLES2_U002c0-512MB-85-220-0-0.png/150x150bb.png,1439187947.0,,,True,Rebel Inc.,ios,1.99,http://www.ndemiccreations.com/en/24-legal,,Great Britain,,525818842.0,Ndemic Creations,/ios/publisher/ndemic-creations/525818842,26.0,5.0,24581.0,1672.0,5.0,2018-12-05T00:56:29Z,,True,https://www.ndemiccreations.com/en/1-support,2020-01-23T00:00:00Z,https://apps.apple.com/US/app/id1439187947?l=en,"['US', 'AU', 'CA', 'CN', 'FR', 'DE', 'GB', 'IT', 'JP', 'KR', 'RU', 'DZ', 'AO', 'AR', 'AT', 'AZ', 'BB', 'BY', 'BE', 'BM', 'BR', 'BG', 'CL', 'CO', 'CR', 'HR', 'CZ', 'DK', 'DO', 'EC', 'EG', 'SV', 'FI', 'GH', 'GR', 'GT', 'HK', 'HU', 'IN', 'ID', 'IE', 'IL', 'KZ', 'KE', 'KW', 'LB', 'LT', 'LU', 'MO', 'MG', 'MY', 'MX', 'NL', 'NZ', 'NG', 'NO', 'OM', 'PK', 'PA', 'PE', 'PH', 'PL', 'PT', 'QA', 'RO', 'SA', 'SG', 'SK', 'SI', 'ZA', 'ES', 'LK', 'SE', 'CH', 'TW', 'TH', 'TN', 'TR', 'UA', 'AE', 'UY', 'UZ', 'VE', 'VN']",1.4.6,
77,"['Infrequent/Mild Medical/Treatment Information', 'Infrequent/Mild Profanity or Crude Humor', 'Infrequent/Mild Cartoon or Fantasy Violence', 'Infrequent/Mild Alcohol, Tobacco, or Drug Use or References']",288429040.0,288429040.0,/ios/us/linkedin-corporation/app/linkedin-network-job-finder/288429040/,,,com.linkedin.LinkedIn,True,US,[6000],12+,5.0,2020-02-17T00:00:00Z,,https://is5-ssl.mzstatic.com/image/thumb/Features117/v4/31/4a/5b/314a5bf0-6677-5339-fce3-2abb130b1d5c/source/4320x1080.png,345060.0,LinkedIn: Network,"{'downloads': 2000000, 'downloads_rounded': 2, 'prefix': None, 'string': '2m', 'units': 'm'}","{'prefix': '$', 'revenue': 12000000, 'revenue_rounded': 12, 'string': '$12m', 'units': 'm'}",https://is5-ssl.mzstatic.com/image/thumb/Purple114/v4/36/95/b7/3695b7bb-63f0-d8be-05b8-165762ea3881/AppIcon-0-1x_U007emarketing-0-0-GLES2_U002c0-512MB-sRGB-0-0-0-85-220-0-0-0-6.png/150x150bb.png,https://is5-ssl.mzstatic.com/image/thumb/Purple114/v4/36/95/b7/3695b7bb-63f0-d8be-05b8-165762ea3881/AppIcon-0-1x_U007emarketing-0-0-GLES2_U002c0-512MB-sRGB-0-0-0-85-220-0-0-0-6.png/150x150bb.png,https://is5-ssl.mzstatic.com/image/thumb/Purple114/v4/36/95/b7/3695b7bb-63f0-d8be-05b8-165762ea3881/AppIcon-0-1x_U007emarketing-0-0-GLES2_U002c0-512MB-sRGB-0-0-0-85-220-0-0-0-6.png/150x150bb.png,288429040.0,,,True,LinkedIn: Network & Job Finder,ios,0.0,https://www.linkedin.com/legal/privacy-policy,,US,,288429043.0,LinkedIn Corporation,/ios/publisher/linkedin-corporation/288429043,26.0,4.0,127493.0,83.0,4.5,2008-08-20T18:18:23Z,,True,http://help.linkedin.com/,2020-02-18T00:00:00Z,https://apps.apple.com/US/app/id288429040?l=en,"['US', 'AU', 'CA', 'FR', 'DE', 'GB', 'IT', 'JP', 'KR', 'DZ', 'AO', 'AR', 'AT', 'AZ', 'BB', 'BY', 'BE', 'BM', 'BR', 'BG', 'CL', 'CO', 'CR', 'HR', 'CZ', 'DK', 'DO', 'EC', 'EG', 'SV', 'FI', 'GH', 'GR', 'GT', 'HK', 'HU', 'IN', 'ID', 'IE', 'IL', 'KZ', 'KE', 'KW', 'LB', 'LT', 'LU', 'MO', 'MG', 'MY', 'MX', 'NL', 'NZ', 'NG', 'NO', 'OM', 'PK', 'PA', 'PE', 'PH', 'PL', 'PT', 'QA', 'RO', 'SA', 'SG', 'SK', 'SI', 'ZA', 'ES', 'LK', 'SE', 'CH', 'TW', 'TH', 'TN', 'TR', 'UA', 'AE', 'UY', 'UZ', 'VE', 'VN']",9.1.167,http://www.linkedin.com/mobile
78,"['Infrequent/Mild Alcohol, Tobacco, or Drug Use or References', 'Infrequent/Mild Mature/Suggestive Themes', 'Infrequent/Mild Realistic Violence', 'Infrequent/Mild Medical/Treatment Information', 'Infrequent/Mild Sexual Content and Nudity', 'Infrequent/Mild Cartoon or Fantasy Violence', 'Infrequent/Mild Horror/Fear Themes']",1496150467.0,1496150467.0,/ios/us/popcore-gmbh/app/pull-the-pin/1496150467/,,,com.maroieqrwlk.unpin,,US,"[6014, 7004, 7012]",12+,-9.0,2020-02-17T00:00:00Z,,,27021.0,Pull the Pin,"{'downloads': 500000, 'downloads_rounded': 500, 'prefix': None, 'string': '500k', 'units': 'k'}","{'prefix': '< $', 'revenue': 1000, 'revenue_rounded': 5, 'string': '< $5k', 'units': 'k'}",https://is4-ssl.mzstatic.com/image/thumb/Purple113/v4/2e/eb/7a/2eeb7a0c-231b-e82e-2570-ddc614b22093/AppIcon-0-0-1x_U007emarketing-0-0-0-7-0-0-sRGB-0-0-0-GLES2_U002c0-512MB-85-220-0-0.png/150x150bb.png,https://is4-ssl.mzstatic.com/image/thumb/Purple113/v4/2e/eb/7a/2eeb7a0c-231b-e82e-2570-ddc614b22093/AppIcon-0-0-1x_U007emarketing-0-0-0-7-0-0-sRGB-0-0-0-GLES2_U002c0-512MB-85-220-0-0.png/150x150bb.png,https://is4-ssl.mzstatic.com/image/thumb/Purple113/v4/2e/eb/7a/2eeb7a0c-231b-e82e-2570-ddc614b22093/AppIcon-0-0-1x_U007emarketing-0-0-0-7-0-0-sRGB-0-0-0-GLES2_U002c0-512MB-85-220-0-0.png/150x150bb.png,1496150467.0,,,True,Pull the Pin,ios,0.0,http://popcore.com/privacy,,Germany,,1375461777.0,Popcore GmbH,/ios/publisher/popcore-gmbh/1375461777,27.0,4.5,10930.0,5254.0,4.5,2020-01-24T21:56:35Z,,,http://popcore.com,2020-02-14T00:00:00Z,https://apps.apple.com/US/app/id1496150467?l=en,"['US', 'AU', 'CA', 'CN', 'FR', 'DE', 'GB', 'IT', 'JP', 'KR', 'RU', 'DZ', 'AO', 'AR', 'AT', 'AZ', 'BB', 'BY', 'BE', 'BM', 'BR', 'BG', 'CL', 'CO', 'CR', 'HR', 'CZ', 'DK', 'DO', 'EC', 'EG', 'SV', 'FI', 'GH', 'GR', 'GT', 'HK', 'HU', 'IN', 'ID', 'IE', 'IL', 'KZ', 'KE', 'KW', 'LB', 'LT', 'LU', 'MO', 'MG', 'MY', 'MX', 'NL', 'NZ', 'NG', 'NO', 'OM', 'PK', 'PA', 'PE', 'PH', 'PL', 'PT', 'QA', 'RO', 'SA', 'SG', 'SK', 'SI', 'ZA', 'ES', 'LK', 'SE', 'CH', 'TW', 'TH', 'TN', 'TR', 'UA', 'AE', 'UY', 'UZ', 'VE', 'VN']",1.4,http://popcore.com
79,"['Frequent/Intense Horror/Fear Themes', 'Frequent/Intense Cartoon or Fantasy Violence']",912536422.0,912536422.0,/ios/us/clickteam-llc/app/five-nights-at-freddy-s/912536422/,,,com.scottgames.fivenights,,US,"[6014, 7017, 7001]",12+,-1.0,2020-02-17T00:00:00Z,,,56561.0,Five Nights,"{'downloads': 30000, 'downloads_rounded': 30, 'prefix': None, 'string': '30k', 'units': 'k'}","{'prefix': '$', 'revenue': 100000, 'revenue_rounded': 100, 'string': '$100k', 'units': 'k'}",https://is1-ssl.mzstatic.com/image/thumb/Purple113/v4/58/6a/8d/586a8d6e-5db2-f2d2-43f9-b830c5697728/AppIcon-0-1x_U007emarketing-0-85-220-10.png/150x150bb.png,https://is1-ssl.mzstatic.com/image/thumb/Purple113/v4/58/6a/8d/586a8d6e-5db2-f2d2-43f9-b830c5697728/AppIcon-0-1x_U007emarketing-0-85-220-10.png/150x150bb.png,https://is1-ssl.mzstatic.com/image/thumb/Purple113/v4/58/6a/8d/586a8d6e-5db2-f2d2-43f9-b830c5697728/AppIcon-0-1x_U007emarketing-0-85-220-10.png/150x150bb.png,912536422.0,,,True,Five Nights at Freddy's,ios,2.99,https://www.clickteam.com/privacy-policy,,,,1438432084.0,"Clickteam, LLC",/ios/publisher/clickteam-llc/1438432084,27.0,4.5,34076.0,1932.0,4.5,2014-09-11T18:53:09Z,,True,https://service.clickteam.com/,2019-08-10T00:00:00Z,https://apps.apple.com/US/app/id912536422?l=en,"['US', 'AU', 'CA', 'CN', 'FR', 'DE', 'GB', 'IT', 'JP', 'KR', 'RU', 'DZ', 'AO', 'AR', 'AT', 'AZ', 'BB', 'BY', 'BE', 'BM', 'BR', 'BG', 'CL', 'CO', 'CR', 'HR', 'CZ', 'DK', 'DO', 'EC', 'EG', 'SV', 'FI', 'GH', 'GR', 'GT', 'HK', 'HU', 'IN', 'ID', 'IE', 'IL', 'KZ', 'KE', 'KW', 'LB', 'LT', 'LU', 'MO', 'MG', 'MY', 'MX', 'NL', 'NZ', 'NG', 'NO', 'OM', 'PK', 'PA', 'PE', 'PH', 'PL', 'PT', 'QA', 'RO', 'SA', 'SG', 'SK', 'SI', 'ZA', 'ES', 'LK', 'SE', 'CH', 'TW', 'TH', 'TN', 'TR', 'UA', 'AE', 'UY', 'UZ', 'VE', 'VN']",2.0.1,
80,[],664575829.0,664575829.0,/ios/us/playrix/app/fishdom/664575829/,,,com.playrix.fishdom-freeplay,True,US,"[6014, 7012, 6016, 7015]",4+,3.0,2020-02-17T00:00:00Z,https://itunes.apple.com/WebObjects/MZStore.woa/wa/viewEula?cc=vn&id=664575829,,1359808.0,Fishdom,"{'downloads': 2000000, 'downloads_rounded': 2, 'prefix': None, 'string': '2m', 'units': 'm'}","{'prefix': '$', 'revenue': 8000000, 'revenue_rounded': 8, 'string': '$8m', 'units': 'm'}",https://is3-ssl.mzstatic.com/image/thumb/Purple113/v4/6e/62/b8/6e62b858-d49b-8d7b-d3d0-c2948bd3203e/AppIcon-0-0-1x_U007emarketing-0-0-0-6-0-85-220.png/150x150bb.png,https://is3-ssl.mzstatic.com/image/thumb/Purple113/v4/6e/62/b8/6e62b858-d49b-8d7b-d3d0-c2948bd3203e/AppIcon-0-0-1x_U007emarketing-0-0-0-6-0-85-220.png/150x150bb.png,https://is3-ssl.mzstatic.com/image/thumb/Purple113/v4/6e/62/b8/6e62b858-d49b-8d7b-d3d0-c2948bd3203e/AppIcon-0-0-1x_U007emarketing-0-0-0-6-0-85-220.png/150x150bb.png,664575829.0,True,https://is4-ssl.mzstatic.com/image/thumb/Purple113/v4/88/99/07/889907db-bb0d-070f-95e4-9212392dac35/iMessage_App_Icon-0-0-1x_U007emarketing-0-0-0-0-0-3-sRGB-0-0-0-GLES2_U002c0-512MB-85-181-0-0.png/768x1024bb.png,True,Fishdom,ios,0.0,https://www.playrix.com/privacy/index.html,,Russia,,1162116447.0,Playrix,/ios/publisher/playrix/1162116447,27.0,4.5,403763.0,13363.0,4.5,2015-12-10T03:20:41Z,,True,https://playrix.helpshift.com/a/fishdom/,2020-01-30T00:00:00Z,https://apps.apple.com/US/app/id664575829?l=en,"['US', 'AU', 'CA', 'CN', 'FR', 'DE', 'GB', 'IT', 'JP', 'KR', 'RU', 'DZ', 'AO', 'AR', 'AT', 'AZ', 'BB', 'BY', 'BE', 'BM', 'BR', 'BG', 'CL', 'CO', 'CR', 'HR', 'CZ', 'DK', 'DO', 'EC', 'EG', 'SV', 'FI', 'GH', 'GR', 'GT', 'HK', 'HU', 'IN', 'ID', 'IE', 'IL', 'KZ', 'KE', 'KW', 'LB', 'LT', 'LU', 'MO', 'MG', 'MY', 'MX', 'NL', 'NZ', 'NG', 'NO', 'OM', 'PK', 'PA', 'PE', 'PH', 'PL', 'PT', 'QA', 'RO', 'SA', 'SG', 'SK', 'SI', 'ZA', 'ES', 'LK', 'SE', 'CH', 'TW', 'TH', 'TN', 'TR', 'UA', 'AE', 'UY', 'UZ', 'VE', 'VN']",4.6.3,https://www.playrix.com/fishdom/index.html
81,[],351727428.0,351727428.0,/ios/us/venmo/app/venmo/351727428/,,,net.kortina.labs.Venmo,True,US,"[6015, 6002]",4+,0.0,2020-02-17T00:00:00Z,,,7790348.0,Venmo,"{'downloads': 1000000, 'downloads_rounded': 1, 'prefix': None, 'string': '1m', 'units': 'm'}","{'prefix': '< $', 'revenue': 1000, 'revenue_rounded': 5, 'string': '< $5k', 'units': 'k'}",https://is4-ssl.mzstatic.com/image/thumb/Purple124/v4/bf/2b/81/bf2b81f5-b044-7311-12a0-3b93fad07ebd/AppIcon-0-1x_U007emarketing-0-0-GLES2_U002c0-512MB-sRGB-0-0-0-85-220-0-0-0-7.png/150x150bb.png,https://is4-ssl.mzstatic.com/image/thumb/Purple124/v4/bf/2b/81/bf2b81f5-b044-7311-12a0-3b93fad07ebd/AppIcon-0-1x_U007emarketing-0-0-GLES2_U002c0-512MB-sRGB-0-0-0-85-220-0-0-0-7.png/150x150bb.png,https://is4-ssl.mzstatic.com/image/thumb/Purple124/v4/bf/2b/81/bf2b81f5-b044-7311-12a0-3b93fad07ebd/AppIcon-0-1x_U007emarketing-0-0-GLES2_U002c0-512MB-sRGB-0-0-0-85-220-0-0-0-7.png/150x150bb.png,351727428.0,True,https://is4-ssl.mzstatic.com/image/thumb/Purple113/v4/c1/90/74/c190742e-b609-7850-889e-cc74b35fe67f/iMessage_App_Icon-0-1x_U007emarketing-0-3-GLES2_U002c0-512MB-sRGB-0-0-0-85-181-0-0-0-0.png/768x1024bb.png,,Venmo,ios,0.0,https://venmo.com/info/privacy-policy,,US,,351727431.0,Venmo,/ios/publisher/venmo/351727431,28.0,5.0,7790348.0,6394.0,5.0,2010-04-03T05:41:47Z,,True,https://help.venmo.com,2020-02-19T00:00:00Z,https://apps.apple.com/US/app/id351727428?l=en,['US'],7.46.0,https://venmo.com/
82,[],866450515.0,866450515.0,/ios/us/seekrtech-co-ltd/app/forest-stay-focused/866450515/,True,https://is2-ssl.mzstatic.com/image/thumb/Purple124/v4/06/2e/e9/062ee9d1-b377-1d7f-12dc-9fbf7cf85ddb/AppIcon-0-0-1x_U007emarketing-0-0-0-9-0-0-sRGB-0-0-0-GLES2_U002c0-512MB-85-220-0-0.jpeg/150x150bb.png,com.forestapp.Forest,,US,"[6007, 6012]",4+,-1.0,2020-02-17T00:00:00Z,,,247451.0,Forest - Stay focused,"{'downloads': 50000, 'downloads_rounded': 50, 'prefix': None, 'string': '50k', 'units': 'k'}","{'prefix': '$', 'revenue': 100000, 'revenue_rounded': 100, 'string': '$100k', 'units': 'k'}",https://is3-ssl.mzstatic.com/image/thumb/Purple114/v4/3f/86/f3/3f86f3d3-dc27-0a0f-64ac-2d136607ace6/AppIcon-0-0-1x_U007emarketing-0-0-0-7-0-0-sRGB-0-0-0-GLES2_U002c0-512MB-85-220-0-0.png/150x150bb.png,https://is3-ssl.mzstatic.com/image/thumb/Purple114/v4/3f/86/f3/3f86f3d3-dc27-0a0f-64ac-2d136607ace6/AppIcon-0-0-1x_U007emarketing-0-0-0-7-0-0-sRGB-0-0-0-GLES2_U002c0-512MB-85-220-0-0.png/150x150bb.png,https://is3-ssl.mzstatic.com/image/thumb/Purple114/v4/3f/86/f3/3f86f3d3-dc27-0a0f-64ac-2d136607ace6/AppIcon-0-0-1x_U007emarketing-0-0-0-7-0-0-sRGB-0-0-0-GLES2_U002c0-512MB-85-220-0-0.png/150x150bb.png,866450515.0,,,True,Forest - Stay focused,ios,1.99,http://www.forestapp.cc/privacy,,,,469475888.0,"SEEKRTECH CO., LTD.",/ios/publisher/seekrtech-co-ltd/469475888,28.0,5.0,19496.0,126.0,5.0,2014-05-10T07:46:44Z,,True,https://twitter.com/forestapp_cc,2020-02-14T00:00:00Z,https://apps.apple.com/US/app/id866450515?l=en,"['US', 'AU', 'CA', 'CN', 'FR', 'DE', 'GB', 'IT', 'JP', 'KR', 'RU', 'DZ', 'AO', 'AR', 'AT', 'AZ', 'BB', 'BY', 'BE', 'BM', 'BR', 'BG', 'CL', 'CO', 'CR', 'HR', 'CZ', 'DK', 'DO', 'EC', 'EG', 'SV', 'FI', 'GH', 'GR', 'GT', 'HK', 'HU', 'IN', 'ID', 'IE', 'IL', 'KZ', 'KE', 'KW', 'LB', 'LT', 'LU', 'MO', 'MG', 'MY', 'MX', 'NL', 'NZ', 'NG', 'NO', 'OM', 'PK', 'PA', 'PE', 'PH', 'PL', 'PT', 'QA', 'RO', 'SA', 'SG', 'SK', 'SI', 'ZA', 'ES', 'LK', 'SE', 'CH', 'TW', 'TH', 'TN', 'TR', 'UA', 'AE', 'UY', 'UZ', 'VE', 'VN']",4.13.1,http://www.forestapp.cc
83,[],890378044.0,890378044.0,/ios/us/peak-games/app/toy-blast/890378044/,,,net.peakgames.amy,True,US,"[6014, 7003, 7012]",4+,-1.0,2020-02-17T00:00:00Z,,https://is4-ssl.mzstatic.com/image/thumb/Features117/v4/f2/ba/ef/f2baef61-49c7-5810-733a-3b475b10cc87/source/4320x1080.png,1802611.0,Toy Blast,"{'downloads': 500000, 'downloads_rounded': 500, 'prefix': None, 'string': '500k', 'units': 'k'}","{'prefix': '$', 'revenue': 7000000, 'revenue_rounded': 7, 'string': '$7m', 'units': 'm'}",https://is2-ssl.mzstatic.com/image/thumb/Purple124/v4/d0/b0/0c/d0b00ca0-564f-4926-c79a-28dea91a5e40/AppIcon-0-1x_U007emarketing-0-85-220-6.png/150x150bb.png,https://is2-ssl.mzstatic.com/image/thumb/Purple124/v4/d0/b0/0c/d0b00ca0-564f-4926-c79a-28dea91a5e40/AppIcon-0-1x_U007emarketing-0-85-220-6.png/150x150bb.png,https://is2-ssl.mzstatic.com/image/thumb/Purple124/v4/d0/b0/0c/d0b00ca0-564f-4926-c79a-28dea91a5e40/AppIcon-0-1x_U007emarketing-0-85-220-6.png/150x150bb.png,890378044.0,,,True,Toy Blast,ios,0.0,https://peak.com/privacy,,Turkey,,476160947.0,Peak Games,/ios/publisher/peak-games/476160947,28.0,4.5,800920.0,1805.0,4.5,2015-01-06T16:16:02Z,,True,https://peakgames.helpshift.com/a/toy-blast/,2020-02-17T00:00:00Z,https://apps.apple.com/US/app/id890378044?l=en,"['US', 'AU', 'CA', 'FR', 'DE', 'GB', 'IT', 'JP', 'KR', 'RU', 'DZ', 'AO', 'AR', 'AT', 'AZ', 'BB', 'BY', 'BE', 'BM', 'BR', 'BG', 'CL', 'CO', 'CR', 'HR', 'CZ', 'DK', 'DO', 'EC', 'EG', 'SV', 'FI', 'GH', 'GR', 'GT', 'HK', 'HU', 'IN', 'ID', 'IE', 'IL', 'KZ', 'KE', 'KW', 'LB', 'LT', 'LU', 'MG', 'MY', 'MX', 'NL', 'NZ', 'NG', 'NO', 'OM', 'PK', 'PA', 'PE', 'PH', 'PL', 'PT', 'QA', 'RO', 'SA', 'SG', 'SK', 'SI', 'ZA', 'ES', 'LK', 'SE', 'CH', 'TW', 'TH', 'TN', 'TR', 'UA', 'AE', 'UY', 'UZ', 'VE', 'VN']",6973,
84,[],842842640.0,842842640.0,/ios/us/google-llc/app/google-docs-sync-edit-share/842842640/,,,com.google.Docs,,US,"[6007, 6000]",4+,1.0,2020-02-17T00:00:00Z,https://itunes.apple.com/WebObjects/MZStore.woa/wa/viewEula?cc=vn&id=842842640,,2361199.0,Google Docs,"{'downloads': 2000000, 'downloads_rounded': 2, 'prefix': None, 'string': '2m', 'units': 'm'}","{'prefix': '< $', 'revenue': 1000, 'revenue_rounded': 5, 'string': '< $5k', 'units': 'k'}",https://is5-ssl.mzstatic.com/image/thumb/Purple113/v4/13/22/69/13226942-2559-1964-edb4-4b0c18dbc164/AppIcon-0-0-1x_U007emarketing-0-0-0-6-0-0-sRGB-0-0-0-GLES2_U002c0-512MB-85-220-0-0.png/150x150bb.png,https://is5-ssl.mzstatic.com/image/thumb/Purple113/v4/13/22/69/13226942-2559-1964-edb4-4b0c18dbc164/AppIcon-0-0-1x_U007emarketing-0-0-0-6-0-0-sRGB-0-0-0-GLES2_U002c0-512MB-85-220-0-0.png/150x150bb.png,https://is5-ssl.mzstatic.com/image/thumb/Purple113/v4/13/22/69/13226942-2559-1964-edb4-4b0c18dbc164/AppIcon-0-0-1x_U007emarketing-0-0-0-6-0-0-sRGB-0-0-0-GLES2_U002c0-512MB-85-220-0-0.png/150x150bb.png,842842640.0,,,,"Google Docs: Sync, Edit, Share",ios,0.0,https://www.google.com/intl/en/policies/privacy/,,US,,281956209.0,Google LLC,/ios/publisher/google-llc/281956209,29.0,5.0,1184021.0,14676.0,5.0,2014-04-30T16:02:23Z,,,https://support.google.com/docs/?p=ios_docs_help,2020-02-12T00:00:00Z,https://apps.apple.com/US/app/id842842640?l=en,"['US', 'AU', 'CA', 'CN', 'FR', 'DE', 'GB', 'IT', 'JP', 'KR', 'RU', 'DZ', 'AO', 'AR', 'AT', 'AZ', 'BB', 'BY', 'BE', 'BM', 'BR', 'BG', 'CL', 'CO', 'CR', 'HR', 'CZ', 'DK', 'DO', 'EC', 'EG', 'SV', 'FI', 'GH', 'GR', 'GT', 'HK', 'HU', 'IN', 'ID', 'IE', 'IL', 'KZ', 'KE', 'KW', 'LB', 'LT', 'LU', 'MO', 'MG', 'MY', 'MX', 'NL', 'NZ', 'NG', 'NO', 'OM', 'PK', 'PA', 'PE', 'PH', 'PL', 'PT', 'QA', 'RO', 'SA', 'SG', 'SK', 'SI', 'ZA', 'ES', 'LK', 'SE', 'CH', 'TW', 'TH', 'TN', 'TR', 'UA', 'AE', 'UY', 'UZ', 'VE', 'VN']",1.2020.6204,http://www.google.com/docs/about/
85,[],517329357.0,517329357.0,/ios/us/jackadam/app/dark-sky-weather/517329357/,True,https://is4-ssl.mzstatic.com/image/thumb/Purple124/v4/9b/5f/14/9b5f14b1-eda7-f8e8-2a43-ac3e3b1836c3/AppIcon-0-0-1x_U007emarketing-0-0-0-9-0-0-sRGB-0-0-0-GLES2_U002c0-512MB-85-220-0-0.png/150x150bb.png,com.jackadam.darksky,,US,"[6001, 6002]",4+,2.0,2020-02-17T00:00:00Z,,https://is4-ssl.mzstatic.com/image/thumb/Features117/v4/5f/d8/cb/5fd8cb20-5c50-6afa-adf5-2d71cb138592/source/4320x1080.png,72515.0,Dark Sky Weather,"{'downloads': 10000, 'downloads_rounded': 10, 'prefix': None, 'string': '10k', 'units': 'k'}","{'prefix': '$', 'revenue': 70000, 'revenue_rounded': 70, 'string': '$70k', 'units': 'k'}",https://is4-ssl.mzstatic.com/image/thumb/Purple113/v4/d5/5b/09/d55b09d6-ace1-d24f-c9cc-90a40acfe3c4/AppIcon-0-0-1x_U007emarketing-0-0-0-7-0-0-sRGB-0-0-0-GLES2_U002c0-512MB-85-220-0-0.png/150x150bb.png,https://is4-ssl.mzstatic.com/image/thumb/Purple113/v4/d5/5b/09/d55b09d6-ace1-d24f-c9cc-90a40acfe3c4/AppIcon-0-0-1x_U007emarketing-0-0-0-7-0-0-sRGB-0-0-0-GLES2_U002c0-512MB-85-220-0-0.png/150x150bb.png,https://is4-ssl.mzstatic.com/image/thumb/Purple113/v4/d5/5b/09/d55b09d6-ace1-d24f-c9cc-90a40acfe3c4/AppIcon-0-0-1x_U007emarketing-0-0-0-7-0-0-sRGB-0-0-0-GLES2_U002c0-512MB-85-220-0-0.png/150x150bb.png,517329357.0,,,,Dark Sky Weather,ios,3.99,https://darksky.net/privacy,,,,461812081.0,Jackadam,/ios/publisher/jackadam/461812081,29.0,4.5,64089.0,471.0,5.0,2012-04-16T07:00:00Z,,True,https://darksky.net/help/iphone,2020-02-18T00:00:00Z,https://apps.apple.com/US/app/id517329357?l=en,"['US', 'GB', 'IE']",6.8.2,https://darksky.net/app
86,[],1089225191.0,1089225191.0,/ios/us/playdemic/app/golf-clash/1089225191/,,,com.playdemic.golf,True,US,"[6014, 6004, 7015, 7016]",4+,-5.0,2020-02-17T00:00:00Z,,,3684504.0,Golf Clash,"{'downloads': 200000, 'downloads_rounded': 200, 'prefix': None, 'string': '200k', 'units': 'k'}","{'prefix': '$', 'revenue': 5000000, 'revenue_rounded': 5, 'string': '$5m', 'units': 'm'}",https://is4-ssl.mzstatic.com/image/thumb/Purple113/v4/8b/4e/da/8b4eda0a-42f7-f7e9-8eb6-753b7c481ae3/AppIcon-0-0-1x_U007emarketing-0-0-0-7-0-0-85-220.png/150x150bb.png,https://is4-ssl.mzstatic.com/image/thumb/Purple113/v4/8b/4e/da/8b4eda0a-42f7-f7e9-8eb6-753b7c481ae3/AppIcon-0-0-1x_U007emarketing-0-0-0-7-0-0-85-220.png/150x150bb.png,https://is4-ssl.mzstatic.com/image/thumb/Purple113/v4/8b/4e/da/8b4eda0a-42f7-f7e9-8eb6-753b7c481ae3/AppIcon-0-0-1x_U007emarketing-0-0-0-7-0-0-85-220.png/150x150bb.png,1089225191.0,,,True,Golf Clash,ios,0.0,https://playdemic.helpshift.com/a/golf-clash/?s=privacy-policy-and-terms-of-service&f=privacy-policy,,US,,505151958.0,Playdemic,/ios/publisher/playdemic/505151958,29.0,4.5,2037855.0,28565.0,4.5,2017-01-18T16:59:39Z,,True,https://playdemic.helpshift.com/,2020-01-16T00:00:00Z,https://apps.apple.com/US/app/id1089225191?l=en,"['US', 'AU', 'CA', 'FR', 'DE', 'GB', 'IT', 'JP', 'KR', 'RU', 'DZ', 'AO', 'AR', 'AT', 'AZ', 'BB', 'BY', 'BE', 'BM', 'BR', 'BG', 'CL', 'CO', 'CR', 'HR', 'CZ', 'DK', 'DO', 'EC', 'EG', 'SV', 'FI', 'GH', 'GR', 'GT', 'HU', 'IN', 'ID', 'IE', 'IL', 'KZ', 'KE', 'KW', 'LB', 'LT', 'LU', 'MO', 'MG', 'MY', 'MX', 'NL', 'NZ', 'NG', 'NO', 'OM', 'PK', 'PA', 'PE', 'PH', 'PL', 'PT', 'QA', 'RO', 'SA', 'SG', 'SK', 'SI', 'ZA', 'ES', 'LK', 'SE', 'CH', 'TW', 'TH', 'TN', 'TR', 'UA', 'AE', 'UY', 'UZ', 'VE', 'VN']",2.37.2,
87,"['Infrequent/Mild Alcohol, Tobacco, or Drug Use or References', 'Infrequent/Mild Sexual Content and Nudity', 'Infrequent/Mild Mature/Suggestive Themes', 'Infrequent/Mild Cartoon or Fantasy Violence', 'Infrequent/Mild Simulated Gambling', 'Infrequent/Mild Profanity or Crude Humor', 'Infrequent/Mild Realistic Violence', 'Infrequent/Mild Horror/Fear Themes']",376510438.0,376510438.0,/ios/us/hulu-llc/app/hulu-stream-tv-shows-movies/376510438/,,,com.hulu.plus,True,US,"[6016, 6012]",12+,-1.0,2020-02-17T00:00:00Z,,https://is1-ssl.mzstatic.com/image/thumb/Features113/v4/c8/e2/d1/c8e2d181-49f2-3d1b-d38c-ff285efb5e64/source/4320x1080.png,1217149.0,Hulu: Stream TV shows,"{'downloads': 1000000, 'downloads_rounded': 1, 'prefix': None, 'string': '1m', 'units': 'm'}","{'prefix': '$', 'revenue': 8000000, 'revenue_rounded': 8, 'string': '$8m', 'units': 'm'}",https://is1-ssl.mzstatic.com/image/thumb/Purple113/v4/63/1f/1a/631f1a87-3cae-6179-a527-71a94e0356c0/HuluAppIcon-0-0-1x_U007emarketing-0-0-0-7-0-0-sRGB-0-0-0-GLES2_U002c0-512MB-85-220-0-0.png/150x150bb.png,https://is1-ssl.mzstatic.com/image/thumb/Purple113/v4/63/1f/1a/631f1a87-3cae-6179-a527-71a94e0356c0/HuluAppIcon-0-0-1x_U007emarketing-0-0-0-7-0-0-sRGB-0-0-0-GLES2_U002c0-512MB-85-220-0-0.png/150x150bb.png,https://is1-ssl.mzstatic.com/image/thumb/Purple113/v4/63/1f/1a/631f1a87-3cae-6179-a527-71a94e0356c0/HuluAppIcon-0-0-1x_U007emarketing-0-0-0-7-0-0-sRGB-0-0-0-GLES2_U002c0-512MB-85-220-0-0.png/150x150bb.png,376510438.0,,,True,Hulu: Stream TV shows & movies,ios,0.0,http://www.hulu.com/privacy,,US,,376510441.0,"Hulu, LLC",/ios/publisher/hulu-llc/376510441,30.0,4.5,1213393.0,15.0,4.0,2010-06-29T18:39:25Z,,True,https://www.hulu.com/help,2020-02-19T00:00:00Z,https://apps.apple.com/US/app/id376510438?l=en,['US'],6.11,http://www.hulu.com/start
88,[],575154654.0,575154654.0,/ios/us/paul-salameh/app/pou/575154654/,,,me.pou.app,True,US,"[6014, 7015, 7009]",4+,-6.0,2020-02-17T00:00:00Z,,,40019.0,Pou,"{'downloads': 10000, 'downloads_rounded': 10, 'prefix': None, 'string': '10k', 'units': 'k'}","{'prefix': '$', 'revenue': 40000, 'revenue_rounded': 40, 'string': '$40k', 'units': 'k'}",https://is4-ssl.mzstatic.com/image/thumb/Purple115/v4/95/dc/89/95dc8954-6060-af23-687d-87208c3f4c1e/AppIcon-1x_U007emarketing-85-220-3.png/150x150bb.png,https://is4-ssl.mzstatic.com/image/thumb/Purple115/v4/95/dc/89/95dc8954-6060-af23-687d-87208c3f4c1e/AppIcon-1x_U007emarketing-85-220-3.png/150x150bb.png,https://is4-ssl.mzstatic.com/image/thumb/Purple115/v4/95/dc/89/95dc8954-6060-af23-687d-87208c3f4c1e/AppIcon-1x_U007emarketing-85-220-3.png/150x150bb.png,575154654.0,,,True,Pou,ios,1.99,http://help.pou.me/privacy-policy.php,,Lebanon,,575154657.0,Paul Salameh,/ios/publisher/paul-salameh/575154657,30.0,4.5,4868.0,682.0,4.5,2012-11-26T19:41:27Z,,True,http://help.pou.me,2018-05-25T00:00:00Z,https://apps.apple.com/US/app/id575154654?l=en,"['US', 'AU', 'CA', 'CN', 'FR', 'DE', 'GB', 'IT', 'JP', 'KR', 'RU', 'DZ', 'AO', 'AR', 'AT', 'AZ', 'BB', 'BY', 'BE', 'BM', 'BR', 'BG', 'CL', 'CO', 'CR', 'HR', 'CZ', 'DK', 'DO', 'EC', 'EG', 'SV', 'FI', 'GH', 'GR', 'GT', 'HK', 'HU', 'IN', 'ID', 'IE', 'IL', 'KZ', 'KE', 'KW', 'LB', 'LT', 'LU', 'MO', 'MG', 'MY', 'MX', 'NL', 'NZ', 'NG', 'NO', 'OM', 'PK', 'PA', 'PE', 'PH', 'PL', 'PT', 'QA', 'RO', 'SA', 'SG', 'SK', 'SI', 'ZA', 'ES', 'LK', 'SE', 'CH', 'TW', 'TH', 'TN', 'TR', 'UA', 'AE', 'UY', 'UZ', 'VE', 'VN']",1.4.77,http://pou.me
89,[],327630330.0,327630330.0,/ios/us/dropbox/app/dropbox/327630330/,,,com.getdropbox.Dropbox,True,US,"[6007, 6002]",4+,-1.0,2020-02-17T00:00:00Z,,,246661.0,Dropbox,"{'downloads': 1000000, 'downloads_rounded': 1, 'prefix': None, 'string': '1m', 'units': 'm'}","{'prefix': '$', 'revenue': 8000000, 'revenue_rounded': 8, 'string': '$8m', 'units': 'm'}",https://is4-ssl.mzstatic.com/image/thumb/Purple123/v4/7c/d2/28/7cd228f9-26da-8686-c054-9ecb948f621d/AppIcon-0-0-1x_U007emarketing-0-0-0-6-0-0-sRGB-0-0-0-GLES2_U002c0-512MB-85-220-0-0.png/150x150bb.png,https://is4-ssl.mzstatic.com/image/thumb/Purple123/v4/7c/d2/28/7cd228f9-26da-8686-c054-9ecb948f621d/AppIcon-0-0-1x_U007emarketing-0-0-0-6-0-0-sRGB-0-0-0-GLES2_U002c0-512MB-85-220-0-0.png/150x150bb.png,https://is4-ssl.mzstatic.com/image/thumb/Purple123/v4/7c/d2/28/7cd228f9-26da-8686-c054-9ecb948f621d/AppIcon-0-0-1x_U007emarketing-0-0-0-6-0-0-sRGB-0-0-0-GLES2_U002c0-512MB-85-220-0-0.png/150x150bb.png,327630330.0,True,https://is4-ssl.mzstatic.com/image/thumb/Purple123/v4/77/94/f2/7794f20f-2ea6-d182-0542-9150361c0c79/iMessage_App_Icon-0-0-1x_U007emarketing-0-0-0-0-0-3-sRGB-0-0-0-GLES2_U002c0-512MB-85-181-0-0.png/768x1024bb.png,True,Dropbox,ios,0.0,https://www.dropbox.com/privacy,,US,,327630333.0,Dropbox,/ios/publisher/dropbox/327630333,30.0,4.0,78125.0,49.0,3.5,2009-09-29T20:44:23Z,,True,https://www.dropbox.com/help/mobile,2020-02-13T00:00:00Z,https://apps.apple.com/US/app/id327630330?l=en,"['US', 'AU', 'CA', 'CN', 'FR', 'DE', 'GB', 'IT', 'JP', 'KR', 'RU', 'DZ', 'AO', 'AR', 'AT', 'AZ', 'BB', 'BY', 'BE', 'BM', 'BR', 'BG', 'CL', 'CO', 'CR', 'HR', 'CZ', 'DK', 'DO', 'EC', 'EG', 'SV', 'FI', 'GH', 'GR', 'GT', 'HK', 'HU', 'IN', 'ID', 'IE', 'IL', 'KZ', 'KE', 'KW', 'LB', 'LT', 'LU', 'MO', 'MG', 'MY', 'MX', 'NL', 'NZ', 'NG', 'NO', 'OM', 'PK', 'PA', 'PE', 'PH', 'PL', 'PT', 'QA', 'RO', 'SA', 'SG', 'SK', 'SI', 'ZA', 'ES', 'LK', 'SE', 'CH', 'TW', 'TH', 'TN', 'TR', 'UA', 'AE', 'UY', 'UZ', 'VE', 'VN']",176.2,https://www.dropbox.com
90,"['Infrequent/Mild Sexual Content and Nudity', 'Infrequent/Mild Profanity or Crude Humor', 'Frequent/Intense Mature/Suggestive Themes']",333903271.0,333903271.0,/ios/us/twitter-inc/app/twitter/333903271/,,,com.atebits.Tweetie2,True,US,"[6009, 6005]",17+,2.0,2020-02-17T00:00:00Z,,,8541748.0,Twitter,"{'downloads': 5000000, 'downloads_rounded': 5, 'prefix': None, 'string': '5m', 'units': 'm'}","{'prefix': '< $', 'revenue': 1000, 'revenue_rounded': 5, 'string': '< $5k', 'units': 'k'}",https://is2-ssl.mzstatic.com/image/thumb/Purple124/v4/6b/df/b0/6bdfb025-a4fb-ea1e-a593-99814bf1f6a6/ProductionAppIcon-0-0-1x_U007emarketing-0-0-0-7-0-0-sRGB-0-0-0-GLES2_U002c0-512MB-85-220-0-0.png/150x150bb.png,https://is2-ssl.mzstatic.com/image/thumb/Purple124/v4/6b/df/b0/6bdfb025-a4fb-ea1e-a593-99814bf1f6a6/ProductionAppIcon-0-0-1x_U007emarketing-0-0-0-7-0-0-sRGB-0-0-0-GLES2_U002c0-512MB-85-220-0-0.png/150x150bb.png,https://is2-ssl.mzstatic.com/image/thumb/Purple124/v4/6b/df/b0/6bdfb025-a4fb-ea1e-a593-99814bf1f6a6/ProductionAppIcon-0-0-1x_U007emarketing-0-0-0-7-0-0-sRGB-0-0-0-GLES2_U002c0-512MB-85-220-0-0.png/150x150bb.png,333903271.0,,,,Twitter,ios,0.0,https://twitter.com/privacy,,US,,296415947.0,"Twitter, Inc.",/ios/publisher/twitter-inc/296415947,31.0,4.5,2515862.0,5283.0,5.0,2009-10-09T19:50:00Z,,True,https://support.twitter.com/articles/20169906,2020-02-19T00:00:00Z,https://apps.apple.com/US/app/id333903271?l=en,"['US', 'AU', 'CA', 'CN', 'FR', 'DE', 'GB', 'IT', 'JP', 'KR', 'RU', 'DZ', 'AO', 'AR', 'AT', 'AZ', 'BB', 'BY', 'BE', 'BM', 'BR', 'BG', 'CL', 'CO', 'CR', 'HR', 'CZ', 'DK', 'DO', 'EC', 'EG', 'SV', 'FI', 'GH', 'GR', 'GT', 'HK', 'HU', 'IN', 'ID', 'IE', 'IL', 'KZ', 'KE', 'KW', 'LB', 'LT', 'LU', 'MO', 'MG', 'MY', 'MX', 'NL', 'NZ', 'NG', 'NO', 'OM', 'PK', 'PA', 'PE', 'PH', 'PL', 'PT', 'QA', 'RO', 'SA', 'SG', 'SK', 'SI', 'ZA', 'ES', 'LK', 'SE', 'CH', 'TW', 'TH', 'TN', 'TR', 'UA', 'AE', 'UY', 'UZ', 'VE', 'VN']",8.9,http://twitter.com/download/iphone
91,"['Frequent/Intense Horror/Fear Themes', 'Infrequent/Mild Cartoon or Fantasy Violence']",941143328.0,941143328.0,/ios/us/clickteam-llc/app/five-nights-at-freddy-s-2/941143328/,,,com.scottgames.fnaf2,,US,"[6014, 7015, 7017]",12+,3.0,2020-02-17T00:00:00Z,,,39752.0,Five Nights,"{'downloads': 20000, 'downloads_rounded': 20, 'prefix': None, 'string': '20k', 'units': 'k'}","{'prefix': '$', 'revenue': 90000, 'revenue_rounded': 90, 'string': '$90k', 'units': 'k'}",https://is3-ssl.mzstatic.com/image/thumb/Purple113/v4/44/1f/df/441fdfb0-492d-e076-99eb-37ec5f008763/AppIcon-0-1x_U007emarketing-0-85-220-10.png/150x150bb.png,https://is3-ssl.mzstatic.com/image/thumb/Purple113/v4/44/1f/df/441fdfb0-492d-e076-99eb-37ec5f008763/AppIcon-0-1x_U007emarketing-0-85-220-10.png/150x150bb.png,https://is3-ssl.mzstatic.com/image/thumb/Purple113/v4/44/1f/df/441fdfb0-492d-e076-99eb-37ec5f008763/AppIcon-0-1x_U007emarketing-0-85-220-10.png/150x150bb.png,941143328.0,,,True,Five Nights at Freddy's 2,ios,2.99,https://www.clickteam.com/privacy-policy,,,,1438432084.0,"Clickteam, LLC",/ios/publisher/clickteam-llc/1438432084,31.0,4.5,21800.0,828.0,4.5,2014-11-20T05:08:48Z,,True,https://service.clickteam.com/open.php?topicId=19,2019-10-31T00:00:00Z,https://apps.apple.com/US/app/id941143328?l=en,"['US', 'AU', 'CA', 'CN', 'FR', 'DE', 'GB', 'IT', 'JP', 'KR', 'RU', 'DZ', 'AO', 'AR', 'AT', 'AZ', 'BB', 'BY', 'BE', 'BM', 'BR', 'BG', 'CL', 'CO', 'CR', 'HR', 'CZ', 'DK', 'DO', 'EC', 'EG', 'SV', 'FI', 'GH', 'GR', 'GT', 'HK', 'HU', 'IN', 'ID', 'IE', 'IL', 'KZ', 'KE', 'KW', 'LB', 'LT', 'LU', 'MO', 'MG', 'MY', 'MX', 'NL', 'NZ', 'NG', 'NO', 'OM', 'PK', 'PA', 'PE', 'PH', 'PL', 'PT', 'QA', 'RO', 'SA', 'SG', 'SK', 'SI', 'ZA', 'ES', 'LK', 'SE', 'CH', 'TW', 'TH', 'TN', 'TR', 'UA', 'AE', 'UY', 'UZ', 'VE', 'VN']",2.0.1,
92,"['Infrequent/Mild Mature/Suggestive Themes', 'Infrequent/Mild Alcohol, Tobacco, or Drug Use or References', 'Frequent/Intense Cartoon or Fantasy Violence']",1035712810.0,1035712810.0,/ios/us/warner-bros/app/game-of-thrones-conquest/1035712810/,,,com.wb.GoT.Conquest,True,US,"[6014, 7017, 7014]",12+,11.0,2020-02-17T00:00:00Z,,https://is2-ssl.mzstatic.com/image/thumb/Features118/v4/5c/fa/0b/5cfa0b8f-31b5-d54b-b662-6be0141ada09/source/4320x1080.png,150517.0,Game of Thrones,"{'downloads': 100000, 'downloads_rounded': 100, 'prefix': None, 'string': '100k', 'units': 'k'}","{'prefix': '$', 'revenue': 9000000, 'revenue_rounded': 9, 'string': '$9m', 'units': 'm'}",https://is4-ssl.mzstatic.com/image/thumb/Purple114/v4/9a/af/6c/9aaf6c63-6ed0-4dc3-a96f-1c0ed0f68aa4/AppIcon-0-1x_U007emarketing-0-0-GLES2_U002c0-512MB-sRGB-0-0-0-85-220-0-0-0-7.png/150x150bb.png,https://is4-ssl.mzstatic.com/image/thumb/Purple114/v4/9a/af/6c/9aaf6c63-6ed0-4dc3-a96f-1c0ed0f68aa4/AppIcon-0-1x_U007emarketing-0-0-GLES2_U002c0-512MB-sRGB-0-0-0-85-220-0-0-0-7.png/150x150bb.png,https://is4-ssl.mzstatic.com/image/thumb/Purple114/v4/9a/af/6c/9aaf6c63-6ed0-4dc3-a96f-1c0ed0f68aa4/AppIcon-0-1x_U007emarketing-0-0-GLES2_U002c0-512MB-sRGB-0-0-0-85-220-0-0-0-7.png/150x150bb.png,1035712810.0,,,True,Game of Thrones: Conquest™,ios,0.0,https://policies.warnerbros.com/privacy,,US,,298372283.0,Warner Bros.,/ios/publisher/warner-bros/298372283,31.0,4.5,58123.0,187.0,4.5,2017-10-17T20:22:47Z,,True,https://hbogamessupport.wbgames.com/hc/en-us/requests/new,2020-02-13T00:00:00Z,https://apps.apple.com/US/app/id1035712810?l=en,"['US', 'AU', 'CA', 'FR', 'DE', 'GB', 'IT', 'JP', 'KR', 'RU', 'DZ', 'AO', 'AR', 'AT', 'AZ', 'BB', 'BY', 'BE', 'BM', 'BR', 'BG', 'CL', 'CO', 'CR', 'HR', 'CZ', 'DK', 'DO', 'EC', 'EG', 'SV', 'FI', 'GH', 'GR', 'GT', 'HU', 'IN', 'ID', 'IE', 'IL', 'KZ', 'KE', 'KW', 'LB', 'LT', 'LU', 'MG', 'MY', 'MX', 'NL', 'NZ', 'NG', 'NO', 'OM', 'PK', 'PA', 'PE', 'PH', 'PL', 'PT', 'QA', 'RO', 'SA', 'SG', 'SK', 'SI', 'ZA', 'ES', 'LK', 'SE', 'CH', 'TH', 'TN', 'TR', 'UA', 'AE', 'UY', 'UZ', 'VE', 'VN']",3.2.256488,
93,"['Infrequent/Mild Cartoon or Fantasy Violence', 'Infrequent/Mild Profanity or Crude Humor']",1492035864.0,1492035864.0,/ios/us/geisha-tokyo-inc/app/mix-paint/1492035864/,,,com.mix.color.paint.game,,US,"[6014, 7003, 7012]",9+,-1.0,2020-02-17T00:00:00Z,,,6287.0,Mix & Paint,"{'downloads': 20000, 'downloads_rounded': 20, 'prefix': None, 'string': '20k', 'units': 'k'}","{'prefix': '< $', 'revenue': 1000, 'revenue_rounded': 5, 'string': '< $5k', 'units': 'k'}",https://is3-ssl.mzstatic.com/image/thumb/Purple123/v4/f2/d1/61/f2d16199-2b27-fc14-ba44-ad471baf2dba/AppIcon-0-0-1x_U007emarketing-0-0-0-7-0-85-220.png/150x150bb.png,https://is3-ssl.mzstatic.com/image/thumb/Purple123/v4/f2/d1/61/f2d16199-2b27-fc14-ba44-ad471baf2dba/AppIcon-0-0-1x_U007emarketing-0-0-0-7-0-85-220.png/150x150bb.png,https://is3-ssl.mzstatic.com/image/thumb/Purple123/v4/f2/d1/61/f2d16199-2b27-fc14-ba44-ad471baf2dba/AppIcon-0-0-1x_U007emarketing-0-0-0-7-0-85-220.png/150x150bb.png,1492035864.0,,,,Mix & Paint,ios,0.0,https://www.geishatokyo.com/privacy.html,,Japan,,304321146.0,Geisha Tokyo Inc.,/ios/publisher/geisha-tokyo-inc/304321146,32.0,4.5,6926.0,686.0,4.5,2019-12-19T05:49:58Z,,,https://www.geishatokyo.com,2020-02-20T00:00:00Z,https://apps.apple.com/US/app/id1492035864?l=en,"['US', 'AU', 'CA', 'CN', 'FR', 'DE', 'GB', 'IT', 'JP', 'KR', 'RU', 'DZ', 'AO', 'AR', 'AT', 'AZ', 'BB', 'BY', 'BE', 'BM', 'BR', 'BG', 'CL', 'CO', 'CR', 'HR', 'CZ', 'DK', 'DO', 'EC', 'EG', 'SV', 'FI', 'GH', 'GR', 'GT', 'HK', 'HU', 'IN', 'ID', 'IE', 'IL', 'KZ', 'KE', 'KW', 'LB', 'LT', 'LU', 'MO', 'MG', 'MY', 'MX', 'NL', 'NZ', 'NG', 'NO', 'OM', 'PK', 'PA', 'PE', 'PH', 'PL', 'PT', 'QA', 'RO', 'SA', 'SG', 'SK', 'SI', 'ZA', 'ES', 'LK', 'SE', 'CH', 'TW', 'TH', 'TN', 'TR', 'UA', 'AE', 'UY', 'UZ', 'VE', 'VN']",1.8,https://www.geishatokyo.com/
94,[],1484622401.0,1484622401.0,/ios/us/valerii-martynov/app/religion-inc/1484622401/,,,com.gamefirst.religioninc,,US,"[6014, 7015, 7017]",4+,-3.0,2020-02-17T00:00:00Z,,,78.0,Religion,"{'downloads': 1000, 'downloads_rounded': 5, 'prefix': '< ', 'string': '< 5k', 'units': 'k'}","{'prefix': '< $', 'revenue': 1000, 'revenue_rounded': 5, 'string': '< $5k', 'units': 'k'}",https://is1-ssl.mzstatic.com/image/thumb/Purple124/v4/71/84/d2/7184d21a-5382-a368-79ae-9c0b61191290/AppIcon-0-0-1x_U007emarketing-0-0-0-7-0-85-220.png/150x150bb.png,https://is1-ssl.mzstatic.com/image/thumb/Purple124/v4/71/84/d2/7184d21a-5382-a368-79ae-9c0b61191290/AppIcon-0-0-1x_U007emarketing-0-0-0-7-0-85-220.png/150x150bb.png,https://is1-ssl.mzstatic.com/image/thumb/Purple124/v4/71/84/d2/7184d21a-5382-a368-79ae-9c0b61191290/AppIcon-0-0-1x_U007emarketing-0-0-0-7-0-85-220.png/150x150bb.png,1484622401.0,,,,Religion inc.,ios,0.99,http://gamefirst.ru/privacy.htm,,,,1082649117.0,Valerii Martynov,/ios/publisher/valerii-martynov/1082649117,32.0,3.5,20.0,13.0,3.5,2019-11-06T00:04:41Z,,,https://www.facebook.com/Religion-inc-110999083657022/,2020-02-15T00:00:00Z,https://apps.apple.com/US/app/id1484622401?l=en,"['US', 'AU', 'CA', 'CN', 'FR', 'DE', 'GB', 'IT', 'JP', 'KR', 'RU', 'DZ', 'AO', 'AR', 'AT', 'AZ', 'BB', 'BY', 'BE', 'BM', 'BR', 'BG', 'CL', 'CO', 'CR', 'HR', 'CZ', 'DK', 'DO', 'EC', 'EG', 'SV', 'FI', 'GH', 'GR', 'GT', 'HK', 'HU', 'IN', 'ID', 'IE', 'IL', 'KZ', 'KE', 'KW', 'LB', 'LT', 'LU', 'MO', 'MG', 'MY', 'MX', 'NL', 'NZ', 'NG', 'NO', 'OM', 'PK', 'PA', 'PE', 'PH', 'PL', 'PT', 'QA', 'RO', 'SA', 'SG', 'SK', 'SI', 'ZA', 'ES', 'LK', 'SE', 'CH', 'TW', 'TH', 'TN', 'TR', 'UA', 'AE', 'UY', 'UZ', 'VE', 'VN']",1.5,
95,['Frequent/Intense Simulated Gambling'],485126024.0,485126024.0,/ios/us/double-down-interactive-llc/app/doubledown-casino-slots-games/485126024/,,,com.doubledowninteractive.DDCasino,True,US,"[6014, 7006, 6016, 7005]",17+,3.0,2020-02-17T00:00:00Z,https://itunes.apple.com/WebObjects/MZStore.woa/wa/viewEula?cc=vn&id=485126024,https://is1-ssl.mzstatic.com/image/thumb/Features117/v4/ee/9c/df/ee9cdfbd-53d0-515d-57a0-61cc91d68959/source/4320x1080.png,738332.0,DoubleDown Casino Slots Games,"{'downloads': 100000, 'downloads_rounded': 100, 'prefix': None, 'string': '100k', 'units': 'k'}","{'prefix': '$', 'revenue': 10000000, 'revenue_rounded': 10, 'string': '$10m', 'units': 'm'}",https://is3-ssl.mzstatic.com/image/thumb/Purple114/v4/d7/6b/9d/d76b9ddb-c0d4-5b0c-a295-ff9802c703c9/AppIcon-0-1x_U007emarketing-0-0-85-220-7.png/150x150bb.png,https://is3-ssl.mzstatic.com/image/thumb/Purple114/v4/d7/6b/9d/d76b9ddb-c0d4-5b0c-a295-ff9802c703c9/AppIcon-0-1x_U007emarketing-0-0-85-220-7.png/150x150bb.png,https://is3-ssl.mzstatic.com/image/thumb/Purple114/v4/d7/6b/9d/d76b9ddb-c0d4-5b0c-a295-ff9802c703c9/AppIcon-0-1x_U007emarketing-0-0-85-220-7.png/150x150bb.png,485126024.0,,,True,DoubleDown Casino Slots Games,ios,0.0,http://www.doubledowninteractive.com/privacy/index.html,,US,,485126027.0,Double Down Interactive LLC,/ios/publisher/double-down-interactive-llc/485126027,32.0,4.5,586246.0,5526.0,4.5,2012-03-01T19:32:50Z,,True,http://support.doubledowncasino.com/,2020-02-12T00:00:00Z,https://apps.apple.com/US/app/id485126024?l=en,"['US', 'AU', 'CA', 'CN', 'FR', 'DE', 'GB', 'IT', 'JP', 'RU', 'DZ', 'AO', 'AR', 'AT', 'AZ', 'BB', 'BY', 'BE', 'BM', 'BR', 'BG', 'CL', 'CO', 'CR', 'HR', 'CZ', 'DK', 'DO', 'EC', 'EG', 'SV', 'FI', 'GH', 'GR', 'GT', 'HK', 'HU', 'IN', 'ID', 'IE', 'IL', 'KZ', 'KE', 'KW', 'LB', 'LT', 'LU', 'MO', 'MG', 'MY', 'MX', 'NL', 'NZ', 'NG', 'NO', 'OM', 'PK', 'PA', 'PE', 'PH', 'PL', 'PT', 'QA', 'RO', 'SA', 'SG', 'SK', 'SI', 'ZA', 'ES', 'LK', 'SE', 'CH', 'TW', 'TH', 'TN', 'TR', 'UA', 'AE', 'UY', 'UZ', 'VE', 'VN']",4.5.48,
96,"['Infrequent/Mild Alcohol, Tobacco, or Drug Use or References']",719972451.0,719972451.0,/ios/us/doordash-inc/app/doordash-food-delivery/719972451/,,,doordash.DoorDashConsumer,True,US,"[6023, 6012]",12+,1.0,2020-02-17T00:00:00Z,,,5777410.0,DoorDash - Food Delivery,"{'downloads': 2000000, 'downloads_rounded': 2, 'prefix': None, 'string': '2m', 'units': 'm'}","{'prefix': '< $', 'revenue': 1000, 'revenue_rounded': 5, 'string': '< $5k', 'units': 'k'}",https://is5-ssl.mzstatic.com/image/thumb/Purple114/v4/c7/a5/69/c7a569f1-6d51-19e8-1cb7-894896fa4d0c/AppIcon-0-0-1x_U007emarketing-0-0-0-4-0-0-sRGB-0-0-0-GLES2_U002c0-512MB-85-220-0-0.png/150x150bb.png,https://is5-ssl.mzstatic.com/image/thumb/Purple114/v4/c7/a5/69/c7a569f1-6d51-19e8-1cb7-894896fa4d0c/AppIcon-0-0-1x_U007emarketing-0-0-0-4-0-0-sRGB-0-0-0-GLES2_U002c0-512MB-85-220-0-0.png/150x150bb.png,https://is5-ssl.mzstatic.com/image/thumb/Purple114/v4/c7/a5/69/c7a569f1-6d51-19e8-1cb7-894896fa4d0c/AppIcon-0-0-1x_U007emarketing-0-0-0-4-0-0-sRGB-0-0-0-GLES2_U002c0-512MB-85-220-0-0.png/150x150bb.png,719972451.0,,,,DoorDash - Food Delivery,ios,0.0,https://www.doordash.com/privacy/,,US,,719972454.0,"DoorDash, Inc.",/ios/publisher/doordash-inc/719972454,33.0,5.0,5593340.0,82447.0,5.0,2013-10-10T19:46:20Z,,,https://support.doordash.com/#/delivery,2020-02-12T00:00:00Z,https://apps.apple.com/US/app/id719972451?l=en,"['US', 'AU', 'CA', 'CN', 'FR', 'DE', 'GB', 'IT', 'JP', 'KR', 'RU', 'DZ', 'AO', 'AR', 'AT', 'AZ', 'BB', 'BY', 'BE', 'BM', 'BR', 'BG', 'CL', 'CO', 'CR', 'HR', 'CZ', 'DK', 'DO', 'EC', 'EG', 'SV', 'FI', 'GH', 'GR', 'GT', 'HK', 'HU', 'IN', 'ID', 'IE', 'IL', 'KZ', 'KE', 'KW', 'LB', 'LT', 'LU', 'MO', 'MG', 'MY', 'MX', 'NL', 'NZ', 'NG', 'NO', 'OM', 'PK', 'PA', 'PE', 'PH', 'PL', 'PT', 'QA', 'RO', 'SA', 'SG', 'SK', 'SI', 'ZA', 'ES', 'LK', 'SE', 'CH', 'TW', 'TH', 'TN', 'TR', 'UA', 'AE', 'UY', 'UZ', 'VE', 'VN']",3.1.88,https://www.doordash.com/
97,[],576588894.0,576588894.0,/ios/us/fifth-star-labs-llc/app/sky-guide/576588894/,True,https://is2-ssl.mzstatic.com/image/thumb/Purple123/v4/4c/cd/4b/4ccd4b1b-edb6-c8ff-7982-de0a272917aa/AppIcon-0-0-1x_U007emarketing-0-0-0-9-0-0-sRGB-0-0-0-GLES2_U002c0-512MB-85-220-0-0.png/150x150bb.png,com.fifthstarlabs.skyguide,True,US,"[6006, 6017]",4+,3.0,2020-02-17T00:00:00Z,,,343666.0,Sky Guide,"{'downloads': 10000, 'downloads_rounded': 10, 'prefix': None, 'string': '10k', 'units': 'k'}","{'prefix': '$', 'revenue': 40000, 'revenue_rounded': 40, 'string': '$40k', 'units': 'k'}",https://is4-ssl.mzstatic.com/image/thumb/Purple113/v4/cf/f9/9f/cff99f70-c242-f03e-daf5-12172d9167ae/AppIcon-0-0-1x_U007emarketing-0-0-0-7-0-0-sRGB-0-0-0-GLES2_U002c0-512MB-85-220-0-0.png/150x150bb.png,https://is4-ssl.mzstatic.com/image/thumb/Purple113/v4/cf/f9/9f/cff99f70-c242-f03e-daf5-12172d9167ae/AppIcon-0-0-1x_U007emarketing-0-0-0-7-0-0-sRGB-0-0-0-GLES2_U002c0-512MB-85-220-0-0.png/150x150bb.png,https://is4-ssl.mzstatic.com/image/thumb/Purple113/v4/cf/f9/9f/cff99f70-c242-f03e-daf5-12172d9167ae/AppIcon-0-0-1x_U007emarketing-0-0-0-7-0-0-sRGB-0-0-0-GLES2_U002c0-512MB-85-220-0-0.png/150x150bb.png,576588894.0,,,True,Sky Guide,ios,2.99,http://fifthstarlabs.com/privacy/,,,,451087546.0,Fifth Star Labs LLC,/ios/publisher/fifth-star-labs-llc/451087546,33.0,5.0,206769.0,12749.0,5.0,2013-05-06T19:45:52Z,,True,http://fifthstarlabs.com/support,2019-11-07T00:00:00Z,https://apps.apple.com/US/app/id576588894?l=en,"['US', 'AU', 'CA', 'CN', 'FR', 'DE', 'GB', 'IT', 'JP', 'KR', 'RU', 'DZ', 'AO', 'AR', 'AT', 'AZ', 'BB', 'BY', 'BE', 'BM', 'BR', 'BG', 'CL', 'CO', 'CR', 'HR', 'CZ', 'DK', 'DO', 'EC', 'EG', 'SV', 'FI', 'GH', 'GR', 'GT', 'HK', 'HU', 'IN', 'ID', 'IE', 'IL', 'KZ', 'KE', 'KW', 'LB', 'LT', 'LU', 'MO', 'MG', 'MY', 'MX', 'NL', 'NZ', 'NG', 'NO', 'OM', 'PK', 'PA', 'PE', 'PH', 'PL', 'PT', 'QA', 'RO', 'SA', 'SG', 'SK', 'SI', 'ZA', 'ES', 'LK', 'SE', 'CH', 'TW', 'TH', 'TN', 'TR', 'UA', 'AE', 'UY', 'UZ', 'VE', 'VN']",8.1.2,http://fifthstarlabs.com
98,['Frequent/Intense Realistic Violence'],1330123889.0,1330123889.0,/ios/us/tencent-mobile-international-limited/app/pubg-mobile/1330123889/,,,com.tencent.ig,True,US,"[6014, 7001, 7017]",17+,1.0,2020-02-17T00:00:00Z,,https://is1-ssl.mzstatic.com/image/thumb/Features113/v4/3e/3b/e1/3e3be1e6-7a9e-71b2-f66d-4da700978a9a/source/4320x1080.png,3445480.0,PUBG MOBILE,"{'downloads': 2000000, 'downloads_rounded': 2, 'prefix': None, 'string': '2m', 'units': 'm'}","{'prefix': '$', 'revenue': 25000000, 'revenue_rounded': 25, 'string': '$25m', 'units': 'm'}",https://is4-ssl.mzstatic.com/image/thumb/Purple113/v4/9a/a6/8b/9aa68b2d-fe6d-6013-579a-614840e1b534/AppIcon-1x_U007emarketing-0-0-GLES2_U002c0-512MB-sRGB-0-0-0-85-220-0-0-0-8.png/150x150bb.png,https://is4-ssl.mzstatic.com/image/thumb/Purple113/v4/9a/a6/8b/9aa68b2d-fe6d-6013-579a-614840e1b534/AppIcon-1x_U007emarketing-0-0-GLES2_U002c0-512MB-sRGB-0-0-0-85-220-0-0-0-8.png/150x150bb.png,https://is4-ssl.mzstatic.com/image/thumb/Purple113/v4/9a/a6/8b/9aa68b2d-fe6d-6013-579a-614840e1b534/AppIcon-1x_U007emarketing-0-0-GLES2_U002c0-512MB-sRGB-0-0-0-85-220-0-0-0-8.png/150x150bb.png,1330123889.0,,,True,PUBG MOBILE,ios,0.0,http://pubgmobile.proximabeta.com/privacy.html,,China,,504515421.0,Tencent Mobile International Limited,/ios/publisher/tencent-mobile-international-limited/504515421,33.0,4.5,824154.0,39838.0,4.5,2018-03-19T17:13:23Z,,True,http://www.facebook.com/PUBGMOBILE,2019-12-11T00:00:00Z,https://apps.apple.com/US/app/id1330123889?l=en,"['US', 'AU', 'CA', 'FR', 'DE', 'GB', 'IT', 'RU', 'DZ', 'AO', 'AR', 'AT', 'AZ', 'BB', 'BY', 'BE', 'BM', 'BR', 'BG', 'CL', 'CO', 'CR', 'HR', 'CZ', 'DK', 'DO', 'EC', 'EG', 'SV', 'FI', 'GH', 'GR', 'GT', 'HK', 'HU', 'IN', 'ID', 'IE', 'IL', 'KZ', 'KE', 'KW', 'LB', 'LT', 'LU', 'MO', 'MG', 'MY', 'MX', 'NL', 'NZ', 'NG', 'NO', 'OM', 'PK', 'PA', 'PE', 'PH', 'PL', 'PT', 'QA', 'RO', 'SA', 'SG', 'SK', 'SI', 'ZA', 'ES', 'LK', 'SE', 'CH', 'TH', 'TN', 'TR', 'UA', 'AE', 'UY', 'UZ', 'VE']",0.16.0,
99,['Unrestricted Web Access'],535886823.0,535886823.0,/ios/us/google-llc/app/google-chrome/535886823/,,,com.google.chrome.ios,True,US,"[6002, 6007]",17+,1.0,2020-02-17T00:00:00Z,https://itunes.apple.com/WebObjects/MZStore.woa/wa/viewEula?cc=vn&id=535886823,https://is3-ssl.mzstatic.com/image/thumb/Features123/v4/26/c0/6c/26c06cb5-63eb-b4c4-f9d1-de753126873e/source/4320x1080.png,426196.0,Google Chrome,"{'downloads': 5000000, 'downloads_rounded': 5, 'prefix': None, 'string': '5m', 'units': 'm'}","{'prefix': '< $', 'revenue': 1000, 'revenue_rounded': 5, 'string': '< $5k', 'units': 'k'}",https://is2-ssl.mzstatic.com/image/thumb/Purple123/v4/5a/08/c8/5a08c8c6-ef25-72a9-ab36-3042d23ed76f/AppIcon-0-0-1x_U007emarketing-0-0-0-6-0-0-sRGB-0-0-0-GLES2_U002c0-512MB-85-220-0-0.png/150x150bb.png,https://is2-ssl.mzstatic.com/image/thumb/Purple123/v4/5a/08/c8/5a08c8c6-ef25-72a9-ab36-3042d23ed76f/AppIcon-0-0-1x_U007emarketing-0-0-0-6-0-0-sRGB-0-0-0-GLES2_U002c0-512MB-85-220-0-0.png/150x150bb.png,https://is2-ssl.mzstatic.com/image/thumb/Purple123/v4/5a/08/c8/5a08c8c6-ef25-72a9-ab36-3042d23ed76f/AppIcon-0-0-1x_U007emarketing-0-0-0-6-0-0-sRGB-0-0-0-GLES2_U002c0-512MB-85-220-0-0.png/150x150bb.png,535886823.0,,,,Google Chrome,ios,0.0,http://www.google.com/intl/vi/policies/privacy/,,US,,281956209.0,Google LLC,/ios/publisher/google-llc/281956209,34.0,3.5,123350.0,713.0,4.0,2012-06-28T19:57:38Z,,True,https://support.google.com/chrome/?hl=en&p=ios_help,2020-02-10T00:00:00Z,https://apps.apple.com/US/app/id535886823?l=en,"['US', 'AU', 'CA', 'CN', 'FR', 'DE', 'GB', 'IT', 'JP', 'KR', 'RU', 'DZ', 'AO', 'AR', 'AT', 'AZ', 'BB', 'BY', 'BE', 'BM', 'BR', 'BG', 'CL', 'CO', 'CR', 'HR', 'CZ', 'DK', 'DO', 'EC', 'EG', 'SV', 'FI', 'GH', 'GR', 'GT', 'HK', 'HU', 'IN', 'ID', 'IE', 'IL', 'KZ', 'KE', 'KW', 'LB', 'LT', 'LU', 'MO', 'MG', 'MY', 'MX', 'NL', 'NZ', 'NG', 'NO', 'OM', 'PK', 'PA', 'PE', 'PH', 'PL', 'PT', 'QA', 'RO', 'SA', 'SG', 'SK', 'SI', 'ZA', 'ES', 'LK', 'SE', 'CH', 'TW', 'TH', 'TN', 'TR', 'UA', 'AE', 'UY', 'UZ', 'VE', 'VN']",80.0.3987.95,http://www.google.com/chrome/
100,['Infrequent/Mild Cartoon or Fantasy Violence'],1293681293.0,1293681293.0,/ios/us/moonbear-ltd/app/pocket-build/1293681293/,,,moonbear.PocketBuild,,US,"[6014, 6016, 7015, 7002]",9+,-2.0,2020-02-17T00:00:00Z,,https://is2-ssl.mzstatic.com/image/thumb/Features118/v4/d9/f0/23/d9f023fb-5994-7f0a-a1f8-a87d66062251/source/4320x1080.png,41116.0,Pocket Build,"{'downloads': 10000, 'downloads_rounded': 10, 'prefix': None, 'string': '10k', 'units': 'k'}","{'prefix': '$', 'revenue': 30000, 'revenue_rounded': 30, 'string': '$30k', 'units': 'k'}",https://is5-ssl.mzstatic.com/image/thumb/Purple123/v4/6f/c9/63/6fc9635d-ebd6-74df-c76a-4ccf9bb8c2ed/AppIcon-0-0-1x_U007emarketing-0-0-0-7-0-85-220.png/150x150bb.png,https://is5-ssl.mzstatic.com/image/thumb/Purple123/v4/6f/c9/63/6fc9635d-ebd6-74df-c76a-4ccf9bb8c2ed/AppIcon-0-0-1x_U007emarketing-0-0-0-7-0-85-220.png/150x150bb.png,https://is5-ssl.mzstatic.com/image/thumb/Purple123/v4/6f/c9/63/6fc9635d-ebd6-74df-c76a-4ccf9bb8c2ed/AppIcon-0-0-1x_U007emarketing-0-0-0-7-0-85-220.png/150x150bb.png,1293681293.0,,,True,Pocket Build,ios,0.99,http://moonbear.co/privacy-policy/,,,,970568705.0,MoonBear LTD,/ios/publisher/moonbear-ltd/970568705,34.0,4.5,17641.0,188.0,4.5,2017-11-01T06:09:59Z,,True,http://moonbear.com,2020-02-04T00:00:00Z,https://apps.apple.com/US/app/id1293681293?l=en,"['US', 'AU', 'CA', 'CN', 'FR', 'DE', 'GB', 'IT', 'JP', 'KR', 'RU', 'DZ', 'AO', 'AR', 'AT', 'AZ', 'BB', 'BY', 'BE', 'BM', 'BR', 'BG', 'CL', 'CO', 'CR', 'HR', 'CZ', 'DK', 'DO', 'EC', 'EG', 'SV', 'FI', 'GH', 'GR', 'GT', 'HK', 'HU', 'IN', 'ID', 'IE', 'IL', 'KZ', 'KE', 'KW', 'LB', 'LT', 'LU', 'MO', 'MG', 'MY', 'MX', 'NL', 'NZ', 'NG', 'NO', 'OM', 'PK', 'PA', 'PE', 'PH', 'PL', 'PT', 'QA', 'RO', 'SA', 'SG', 'SK', 'SI', 'ZA', 'ES', 'LK', 'SE', 'CH', 'TW', 'TH', 'TN', 'TR', 'UA', 'AE', 'UY', 'UZ', 'VE', 'VN']",2.96,
101,['Frequent/Intense Simulated Gambling'],529996768.0,529996768.0,/ios/us/playtika-santa-monica-llc/app/bingo-blitz-bingo-games/529996768/,,,com.buffalo-studios.newflashbingo,True,US,"[6014, 7006, 7004]",17+,4.0,2020-02-17T00:00:00Z,,https://is4-ssl.mzstatic.com/image/thumb/Features127/v4/6c/4a/f4/6c4af4fc-673c-c49a-b4a4-9d34da0f3ecc/source/4320x1080.png,244341.0,Bingo Blitz,"{'downloads': 200000, 'downloads_rounded': 200, 'prefix': None, 'string': '200k', 'units': 'k'}","{'prefix': '$', 'revenue': 7000000, 'revenue_rounded': 7, 'string': '$7m', 'units': 'm'}",https://is4-ssl.mzstatic.com/image/thumb/Purple113/v4/36/21/15/362115c3-af69-16f6-05c2-d526664cc952/AppIcon-0-0-1x_U007emarketing-0-0-0-6-0-85-220.png/150x150bb.png,https://is4-ssl.mzstatic.com/image/thumb/Purple113/v4/36/21/15/362115c3-af69-16f6-05c2-d526664cc952/AppIcon-0-0-1x_U007emarketing-0-0-0-6-0-85-220.png/150x150bb.png,https://is4-ssl.mzstatic.com/image/thumb/Purple113/v4/36/21/15/362115c3-af69-16f6-05c2-d526664cc952/AppIcon-0-0-1x_U007emarketing-0-0-0-6-0-85-220.png/150x150bb.png,529996768.0,,,True,Bingo Blitz™ - Bingo Games,ios,0.0,http://www.playtika.com/privacy-policy.html,,US,,504720043.0,"Playtika Santa Monica, LLC",/ios/publisher/playtika-santa-monica-llc/504720043,34.0,4.5,152011.0,2437.0,4.5,2012-08-09T04:32:19Z,,,http://bingoblitz.support.buffalo-studios.com/,2020-02-07T00:00:00Z,https://apps.apple.com/US/app/id529996768?l=en,"['US', 'AU', 'CA', 'FR', 'DE', 'GB', 'IT', 'JP', 'RU', 'DZ', 'AO', 'AR', 'AT', 'AZ', 'BB', 'BY', 'BE', 'BM', 'BR', 'BG', 'CL', 'CO', 'CR', 'HR', 'CZ', 'DK', 'DO', 'EC', 'EG', 'SV', 'FI', 'GH', 'GR', 'GT', 'HK', 'HU', 'IN', 'ID', 'IE', 'IL', 'KZ', 'KE', 'KW', 'LB', 'LT', 'LU', 'MO', 'MG', 'MY', 'MX', 'NL', 'NZ', 'NG', 'NO', 'OM', 'PK', 'PA', 'PE', 'PH', 'PL', 'PT', 'QA', 'RO', 'SA', 'SG', 'SK', 'SI', 'ZA', 'ES', 'LK', 'SE', 'CH', 'TW', 'TH', 'TN', 'TR', 'UA', 'AE', 'UY', 'UZ', 'VE', 'VN']",4.33.0,
102,['Unrestricted Web Access'],284815942.0,284815942.0,/ios/us/google-llc/app/google/284815942/,,,com.google.GoogleMobile,True,US,"[6002, 6006]",17+,1.0,2020-02-17T00:00:00Z,https://itunes.apple.com/WebObjects/MZStore.woa/wa/viewEula?cc=vn&id=284815942,,1413576.0,Google,"{'downloads': 4000000, 'downloads_rounded': 4, 'prefix': None, 'string': '4m', 'units': 'm'}","{'prefix': '< $', 'revenue': 1000, 'revenue_rounded': 5, 'string': '< $5k', 'units': 'k'}",https://is3-ssl.mzstatic.com/image/thumb/Purple114/v4/04/4b/b4/044bb417-3cc0-a9ce-9fc1-559ba9a6830e/logo_gsa_ios_color-0-0-1x_U007emarketing-0-0-0-6-0-0-sRGB-0-0-0-GLES2_U002c0-512MB-85-220-0-0.png/150x150bb.png,https://is3-ssl.mzstatic.com/image/thumb/Purple114/v4/04/4b/b4/044bb417-3cc0-a9ce-9fc1-559ba9a6830e/logo_gsa_ios_color-0-0-1x_U007emarketing-0-0-0-6-0-0-sRGB-0-0-0-GLES2_U002c0-512MB-85-220-0-0.png/150x150bb.png,https://is3-ssl.mzstatic.com/image/thumb/Purple114/v4/04/4b/b4/044bb417-3cc0-a9ce-9fc1-559ba9a6830e/logo_gsa_ios_color-0-0-1x_U007emarketing-0-0-0-6-0-0-sRGB-0-0-0-GLES2_U002c0-512MB-85-220-0-0.png/150x150bb.png,284815942.0,True,https://is1-ssl.mzstatic.com/image/thumb/Purple124/v4/ab/50/06/ab50068d-e8fc-c665-4d16-2055c387b5ba/MessagesIcon-0-0-1x_U007emarketing-0-0-0-0-0-5-sRGB-0-0-0-GLES2_U002c0-512MB-85-181-0-0.png/768x1024bb.png,,Google,ios,0.0,http://www.google.com/privacy,,US,,281956209.0,Google LLC,/ios/publisher/google-llc/281956209,35.0,4.0,721408.0,270.0,4.0,2008-07-11T07:00:00Z,,True,https://goo.gl/al7iNs,2020-02-18T00:00:00Z,https://apps.apple.com/US/app/id284815942?l=en,"['US', 'AU', 'CA', 'FR', 'DE', 'GB', 'IT', 'JP', 'KR', 'RU', 'DZ', 'AO', 'AR', 'AT', 'AZ', 'BY', 'BE', 'BR', 'BG', 'CL', 'CO', 'CR', 'HR', 'CZ', 'DK', 'DO', 'EC', 'EG', 'SV', 'FI', 'GH', 'GR', 'GT', 'HK', 'HU', 'IN', 'ID', 'IE', 'IL', 'KZ', 'KE', 'KW', 'LB', 'LT', 'LU', 'MG', 'MY', 'MX', 'NL', 'NZ', 'NG', 'NO', 'OM', 'PK', 'PA', 'PE', 'PH', 'PL', 'PT', 'QA', 'RO', 'SA', 'SG', 'SK', 'SI', 'ZA', 'ES', 'LK', 'SE', 'CH', 'TW', 'TH', 'TN', 'TR', 'UA', 'AE', 'UY', 'UZ', 'VE', 'VN']",94.0,http://www.google.com/search/about
103,[],723795263.0,723795263.0,/ios/us/etermax/app/trivia-crack-no-ads/723795263/,True,https://is4-ssl.mzstatic.com/image/thumb/Purple113/v4/82/1f/92/821f92a8-f498-eaa6-e80b-5d9ae7dd8d98/AppIconPro-0-0-1x_U007emarketing-0-0-0-9-0-0-85-220.png/150x150bb.png,com.etermax.preguntados.pro,,US,"[6014, 6016, 7009, 7018]",4+,-2.0,2020-02-17T00:00:00Z,,https://is3-ssl.mzstatic.com/image/thumb/Features117/v4/15/86/c0/1586c018-5dd6-850b-bf54-0bdb0ca24748/source/4320x1080.png,175224.0,Trivia Crack,"{'downloads': 10000, 'downloads_rounded': 10, 'prefix': None, 'string': '10k', 'units': 'k'}","{'prefix': '$', 'revenue': 300000, 'revenue_rounded': 300, 'string': '$300k', 'units': 'k'}",https://is2-ssl.mzstatic.com/image/thumb/Purple114/v4/40/d9/4b/40d94ba4-953b-810a-e198-02d322ade7bc/AppIconPro-0-0-1x_U007emarketing-0-0-0-6-0-0-sRGB-0-0-0-GLES2_U002c0-512MB-85-220-0-0.png/150x150bb.png,https://is2-ssl.mzstatic.com/image/thumb/Purple114/v4/40/d9/4b/40d94ba4-953b-810a-e198-02d322ade7bc/AppIconPro-0-0-1x_U007emarketing-0-0-0-6-0-0-sRGB-0-0-0-GLES2_U002c0-512MB-85-220-0-0.png/150x150bb.png,https://is2-ssl.mzstatic.com/image/thumb/Purple114/v4/40/d9/4b/40d94ba4-953b-810a-e198-02d322ade7bc/AppIconPro-0-0-1x_U007emarketing-0-0-0-6-0-0-sRGB-0-0-0-GLES2_U002c0-512MB-85-220-0-0.png/150x150bb.png,723795263.0,True,https://is2-ssl.mzstatic.com/image/thumb/Purple113/v4/7c/fb/44/7cfb4450-e615-e56a-214b-2ce3047f1ecb/contsched.yiprolzn.png/768x1024bb.png,True,Trivia Crack (No Ads),ios,1.99,http://www.triviacrack.com/privacy,,Argentina,,286461525.0,Etermax,/ios/publisher/etermax/286461525,35.0,4.5,142179.0,50.0,4.5,2013-11-06T12:52:48Z,,True,http://www.etermax.com,2020-02-18T00:00:00Z,https://apps.apple.com/US/app/id723795263?l=en,"['US', 'AU', 'CA', 'CN', 'FR', 'DE', 'GB', 'IT', 'JP', 'KR', 'RU', 'DZ', 'AO', 'AR', 'AT', 'AZ', 'BB', 'BY', 'BE', 'BM', 'BR', 'BG', 'CL', 'CO', 'CR', 'HR', 'CZ', 'DK', 'DO', 'EC', 'EG', 'SV', 'FI', 'GH', 'GR', 'GT', 'HK', 'HU', 'IN', 'ID', 'IE', 'IL', 'KZ', 'KE', 'KW', 'LB', 'LT', 'LU', 'MO', 'MG', 'MY', 'MX', 'NL', 'NZ', 'NG', 'NO', 'OM', 'PK', 'PA', 'PE', 'PH', 'PL', 'PT', 'QA', 'RO', 'SA', 'SG', 'SK', 'SI', 'ZA', 'ES', 'LK', 'SE', 'CH', 'TW', 'TH', 'TN', 'TR', 'UA', 'AE', 'UY', 'UZ', 'VE', 'VN']",3.58.0,http://www.etermax.com
104,"['Infrequent/Mild Realistic Violence', 'Frequent/Intense Cartoon or Fantasy Violence']",1358222641.0,1358222641.0,/ios/us/bandai-namco-entertainment-inc/app/dragon-ball-legends/1358222641/,,,jp.co.bandainamcoent.BNEI0334,True,US,"[6014, 7014, 6016, 7001]",12+,2.0,2020-02-17T00:00:00Z,https://itunes.apple.com/WebObjects/MZStore.woa/wa/viewEula?cc=tr&id=1358222641,,683452.0,DRAGON BALL LEGENDS,"{'downloads': 200000, 'downloads_rounded': 200, 'prefix': None, 'string': '200k', 'units': 'k'}","{'prefix': '$', 'revenue': 3000000, 'revenue_rounded': 3, 'string': '$3m', 'units': 'm'}",https://is4-ssl.mzstatic.com/image/thumb/Purple124/v4/b4/ec/e8/b4ece83f-7c5f-01c8-273f-67e289082a32/AppIcon-0-0-1x_U007emarketing-0-0-0-7-0-0-sRGB-0-0-0-GLES2_U002c0-512MB-85-220-0-0.png/150x150bb.png,https://is4-ssl.mzstatic.com/image/thumb/Purple124/v4/b4/ec/e8/b4ece83f-7c5f-01c8-273f-67e289082a32/AppIcon-0-0-1x_U007emarketing-0-0-0-7-0-0-sRGB-0-0-0-GLES2_U002c0-512MB-85-220-0-0.png/150x150bb.png,https://is4-ssl.mzstatic.com/image/thumb/Purple124/v4/b4/ec/e8/b4ece83f-7c5f-01c8-273f-67e289082a32/AppIcon-0-0-1x_U007emarketing-0-0-0-7-0-0-sRGB-0-0-0-GLES2_U002c0-512MB-85-220-0-0.png/150x150bb.png,1358222641.0,,,True,DRAGON BALL LEGENDS,ios,0.0,http://legal.bandainamcoent.co.jp/privacy/,,Japan,,352305770.0,BANDAI NAMCO Entertainment Inc.,/ios/publisher/bandai-namco-entertainment-inc/352305770,35.0,5.0,319897.0,812.0,4.5,2018-05-31T09:06:23Z,,True,https://bnfaq.channel.or.jp/contact/faq_list/1924,2020-02-17T00:00:00Z,https://apps.apple.com/US/app/id1358222641?l=en,"['US', 'AU', 'CA', 'FR', 'DE', 'GB', 'IT', 'KR', 'AT', 'BR', 'BG', 'HR', 'CZ', 'DK', 'FI', 'GR', 'HK', 'HU', 'IN', 'ID', 'IE', 'IL', 'LT', 'LU', 'MO', 'MY', 'MX', 'NL', 'NZ', 'NO', 'PH', 'PL', 'PT', 'RO', 'SG', 'SK', 'SI', 'ZA', 'ES', 'SE', 'CH', 'TW', 'TH', 'TR']",2.4.1,https://db-newapp.bn-ent.net/en/
105,[],507874739.0,507874739.0,/ios/us/google-llc/app/google-drive/507874739/,,,com.google.Drive,True,US,[6007],4+,2.0,2020-02-17T00:00:00Z,https://itunes.apple.com/WebObjects/MZStore.woa/wa/viewEula?cc=vn&id=507874739,,10006888.0,Google Drive,"{'downloads': 4000000, 'downloads_rounded': 4, 'prefix': None, 'string': '4m', 'units': 'm'}","{'prefix': '$', 'revenue': 300000, 'revenue_rounded': 300, 'string': '$300k', 'units': 'k'}",https://is1-ssl.mzstatic.com/image/thumb/Purple113/v4/3a/49/ab/3a49ab66-a6ee-4463-1665-f4a8e3b9e2d8/AppIcon-0-1x_U007emarketing-0-0-GLES2_U002c0-512MB-sRGB-0-0-0-85-220-0-0-0-6.png/150x150bb.png,https://is1-ssl.mzstatic.com/image/thumb/Purple113/v4/3a/49/ab/3a49ab66-a6ee-4463-1665-f4a8e3b9e2d8/AppIcon-0-1x_U007emarketing-0-0-GLES2_U002c0-512MB-sRGB-0-0-0-85-220-0-0-0-6.png/150x150bb.png,https://is1-ssl.mzstatic.com/image/thumb/Purple113/v4/3a/49/ab/3a49ab66-a6ee-4463-1665-f4a8e3b9e2d8/AppIcon-0-1x_U007emarketing-0-0-GLES2_U002c0-512MB-sRGB-0-0-0-85-220-0-0-0-6.png/150x150bb.png,507874739.0,,,True,Google Drive,ios,0.0,http://www.google.com/policies/privacy/?hl=vi,,US,,281956209.0,Google LLC,/ios/publisher/google-llc/281956209,36.0,5.0,2989626.0,22500.0,5.0,2012-06-28T17:40:50Z,,,https://support.google.com/drive/?p=ios_drive_help,2020-02-10T00:00:00Z,https://apps.apple.com/US/app/id507874739?l=en,"['US', 'AU', 'CA', 'CN', 'FR', 'DE', 'GB', 'IT', 'JP', 'KR', 'RU', 'DZ', 'AO', 'AR', 'AT', 'AZ', 'BB', 'BY', 'BE', 'BM', 'BR', 'BG', 'CL', 'CO', 'CR', 'HR', 'CZ', 'DK', 'DO', 'EC', 'EG', 'SV', 'FI', 'GH', 'GR', 'GT', 'HK', 'HU', 'IN', 'ID', 'IE', 'IL', 'KZ', 'KE', 'KW', 'LB', 'LT', 'LU', 'MO', 'MG', 'MY', 'MX', 'NL', 'NZ', 'NG', 'NO', 'OM', 'PK', 'PA', 'PE', 'PH', 'PL', 'PT', 'QA', 'RO', 'SA', 'SG', 'SK', 'SI', 'ZA', 'ES', 'LK', 'SE', 'CH', 'TW', 'TH', 'TN', 'TR', 'UA', 'AE', 'UY', 'UZ', 'VE', 'VN']",4.2020.06203,http://drive.google.com/start
106,[],1358763609.0,1358763609.0,/ios/us/bickster-llc/app/find-my-headphones-earbuds/1358763609/,,,com.bickster.findmyheadset,,US,"[6002, 6011]",4+,1.0,2020-02-17T00:00:00Z,,,4873.0,Find My Headphones,"{'downloads': 1000, 'downloads_rounded': 5, 'prefix': '< ', 'string': '< 5k', 'units': 'k'}","{'prefix': '$', 'revenue': 20000, 'revenue_rounded': 20, 'string': '$20k', 'units': 'k'}",https://is3-ssl.mzstatic.com/image/thumb/Purple123/v4/d6/86/57/d6865745-0b76-9188-d490-20b539a80e86/AppIcon-0-0-1x_U007emarketing-0-0-0-5-85-220.jpeg/150x150bb.png,https://is3-ssl.mzstatic.com/image/thumb/Purple123/v4/d6/86/57/d6865745-0b76-9188-d490-20b539a80e86/AppIcon-0-0-1x_U007emarketing-0-0-0-5-85-220.jpeg/150x150bb.png,https://is3-ssl.mzstatic.com/image/thumb/Purple123/v4/d6/86/57/d6865745-0b76-9188-d490-20b539a80e86/AppIcon-0-0-1x_U007emarketing-0-0-0-5-85-220.jpeg/150x150bb.png,1358763609.0,,,,Find My Headphones & Earbuds,ios,5.99,https://www.iubenda.com/privacy-policy/7882107,,,,599177362.0,Bickster LLC,/ios/publisher/bickster-llc/599177362,36.0,4.0,4237.0,567.0,4.0,2018-03-24T17:31:40Z,,,http://www.findmyheadphonesandearbuds.com,2019-12-17T00:00:00Z,https://apps.apple.com/US/app/id1358763609?l=en,"['US', 'AU', 'CA', 'CN', 'FR', 'DE', 'GB', 'IT', 'JP', 'KR', 'RU', 'DZ', 'AO', 'AR', 'AT', 'AZ', 'BB', 'BY', 'BE', 'BM', 'BR', 'BG', 'CL', 'CO', 'CR', 'HR', 'CZ', 'DK', 'DO', 'EC', 'EG', 'SV', 'FI', 'GH', 'GR', 'GT', 'HK', 'HU', 'IN', 'ID', 'IE', 'IL', 'KZ', 'KE', 'KW', 'LB', 'LT', 'LU', 'MO', 'MG', 'MY', 'MX', 'NL', 'NZ', 'NG', 'NO', 'OM', 'PK', 'PA', 'PE', 'PH', 'PL', 'PT', 'QA', 'RO', 'SA', 'SG', 'SK', 'SI', 'ZA', 'ES', 'LK', 'SE', 'CH', 'TW', 'TH', 'TN', 'TR', 'UA', 'AE', 'UY', 'UZ', 'VE', 'VN']",1.6.2,http://www.findmyheadphonesandearbuds.com
107,['Infrequent/Mild Cartoon or Fantasy Violence'],1354260888.0,1354260888.0,/ios/us/lilith-games/app/rise-of-kingdoms/1354260888/,,,com.lilithgame.roc.ios,True,US,"[6014, 7014, 7017]",9+,14.0,2020-02-17T00:00:00Z,,https://is5-ssl.mzstatic.com/image/thumb/Features113/v4/71/01/fc/7101fca5-c747-7b41-3dbe-a18d1221cce5/source/4320x1080.png,215792.0,Rise of Kingdoms,"{'downloads': 700000, 'downloads_rounded': 700, 'prefix': None, 'string': '700k', 'units': 'k'}","{'prefix': '$', 'revenue': 11000000, 'revenue_rounded': 11, 'string': '$11m', 'units': 'm'}",https://is3-ssl.mzstatic.com/image/thumb/Purple123/v4/cb/ae/87/cbae875e-690e-5c56-a343-98623c8c744c/AppIcon-0-1x_U007emarketing-0-85-220-9.png/150x150bb.png,https://is3-ssl.mzstatic.com/image/thumb/Purple123/v4/cb/ae/87/cbae875e-690e-5c56-a343-98623c8c744c/AppIcon-0-1x_U007emarketing-0-85-220-9.png/150x150bb.png,https://is3-ssl.mzstatic.com/image/thumb/Purple123/v4/cb/ae/87/cbae875e-690e-5c56-a343-98623c8c744c/AppIcon-0-1x_U007emarketing-0-85-220-9.png/150x150bb.png,1354260888.0,,,True,Rise of Kingdoms,ios,0.0,http://www.lilithgames.com/privacy_lilith.html,,China,,982119759.0,Lilith Games,/ios/publisher/lilith-games/982119759,36.0,4.5,46855.0,528.0,4.5,2018-09-20T19:16:15Z,,True,https://www.lilithgames.com/en/,2020-02-12T00:00:00Z,https://apps.apple.com/US/app/id1354260888?l=en,"['US', 'AU', 'CA', 'FR', 'DE', 'GB', 'IT', 'RU', 'DZ', 'AO', 'AR', 'AT', 'AZ', 'BB', 'BY', 'BE', 'BM', 'BR', 'BG', 'CL', 'CO', 'CR', 'HR', 'CZ', 'DK', 'DO', 'EC', 'EG', 'SV', 'FI', 'GH', 'GR', 'GT', 'HK', 'HU', 'IN', 'ID', 'IE', 'IL', 'KZ', 'KE', 'KW', 'LB', 'LT', 'LU', 'MO', 'MG', 'MY', 'MX', 'NL', 'NZ', 'NG', 'NO', 'OM', 'PK', 'PA', 'PE', 'PH', 'PL', 'PT', 'QA', 'RO', 'SA', 'SG', 'SK', 'SI', 'ZA', 'ES', 'LK', 'SE', 'CH', 'TH', 'TN', 'TR', 'UA', 'AE', 'UY', 'UZ', 'VE', 'VN']",1.0.30.14,
108,[],368677368.0,368677368.0,/ios/us/uber-technologies-inc/app/uber/368677368/,True,https://is5-ssl.mzstatic.com/image/thumb/Purple124/v4/a8/52/3b/a8523bdf-5475-9801-39bb-b4c8449bad65/AppIcon-0-0-1x_U007emarketing-0-0-0-9-0-0-sRGB-0-0-0-GLES2_U002c0-512MB-85-220-0-0.png/150x150bb.png,com.ubercab.UberClient,True,US,"[6003, 6012]",4+,3.0,2020-02-17T00:00:00Z,,,3095988.0,Uber,"{'downloads': 4000000, 'downloads_rounded': 4, 'prefix': None, 'string': '4m', 'units': 'm'}","{'prefix': '< $', 'revenue': 1000, 'revenue_rounded': 5, 'string': '< $5k', 'units': 'k'}",https://is1-ssl.mzstatic.com/image/thumb/Purple114/v4/33/02/2d/33022dcb-3d06-cf9c-f3b3-5a94b5513eb7/AppIcon-0-0-1x_U007emarketing-0-0-0-7-0-0-sRGB-0-0-0-GLES2_U002c0-512MB-85-220-0-0.png/150x150bb.png,https://is1-ssl.mzstatic.com/image/thumb/Purple114/v4/33/02/2d/33022dcb-3d06-cf9c-f3b3-5a94b5513eb7/AppIcon-0-0-1x_U007emarketing-0-0-0-7-0-0-sRGB-0-0-0-GLES2_U002c0-512MB-85-220-0-0.png/150x150bb.png,https://is1-ssl.mzstatic.com/image/thumb/Purple114/v4/33/02/2d/33022dcb-3d06-cf9c-f3b3-5a94b5513eb7/AppIcon-0-0-1x_U007emarketing-0-0-0-7-0-0-sRGB-0-0-0-GLES2_U002c0-512MB-85-220-0-0.png/150x150bb.png,368677368.0,,,,Uber,ios,0.0,https://www.uber.com/legal/privacy,,US,,368677371.0,"Uber Technologies, Inc.",/ios/publisher/uber-technologies-inc/368677371,37.0,4.5,1246159.0,201.0,3.5,2010-05-21T03:11:23Z,,True,https://help.uber.com/,2020-02-18T00:00:00Z,https://apps.apple.com/US/app/id368677368?l=en,"['US', 'AU', 'CA', 'CN', 'FR', 'DE', 'GB', 'IT', 'JP', 'KR', 'RU', 'DZ', 'AO', 'AR', 'AT', 'AZ', 'BB', 'BY', 'BE', 'BM', 'BR', 'BG', 'CL', 'CO', 'CR', 'HR', 'CZ', 'DK', 'DO', 'EC', 'EG', 'SV', 'FI', 'GH', 'GR', 'GT', 'HK', 'HU', 'IN', 'ID', 'IE', 'IL', 'KZ', 'KE', 'KW', 'LB', 'LT', 'LU', 'MO', 'MG', 'MY', 'MX', 'NL', 'NZ', 'NG', 'NO', 'OM', 'PK', 'PA', 'PE', 'PH', 'PL', 'PT', 'QA', 'RO', 'SA', 'SG', 'SK', 'SI', 'ZA', 'ES', 'LK', 'SE', 'CH', 'TW', 'TH', 'TN', 'TR', 'UA', 'AE', 'UY', 'UZ', 'VE', 'VN']",3.392.10003,https://www.uber.com
109,['Infrequent/Mild Cartoon or Fantasy Violence'],1182456409.0,1182456409.0,/ios/us/snowman/app/alto-s-odyssey/1182456409/,,,com.snowman.altos-odyssey,,US,"[6014, 7001, 7016]",9+,18.0,2020-02-17T00:00:00Z,,,7055.0,Alto's Odyssey,"{'downloads': 8000, 'downloads_rounded': 8, 'prefix': None, 'string': '8k', 'units': 'k'}","{'prefix': '$', 'revenue': 30000, 'revenue_rounded': 30, 'string': '$30k', 'units': 'k'}",https://is2-ssl.mzstatic.com/image/thumb/Purple114/v4/5d/49/eb/5d49eb2a-fd42-42c8-e21c-359fc8dad751/AppIcon-0-0-1x_U007emarketing-0-0-0-9-0-0-85-220.png/150x150bb.png,https://is2-ssl.mzstatic.com/image/thumb/Purple114/v4/5d/49/eb/5d49eb2a-fd42-42c8-e21c-359fc8dad751/AppIcon-0-0-1x_U007emarketing-0-0-0-9-0-0-85-220.png/150x150bb.png,https://is2-ssl.mzstatic.com/image/thumb/Purple114/v4/5d/49/eb/5d49eb2a-fd42-42c8-e21c-359fc8dad751/AppIcon-0-0-1x_U007emarketing-0-0-0-9-0-0-85-220.png/150x150bb.png,1182456409.0,,,,Alto's Odyssey,ios,0.99,http://www.builtbysnowman.com/privacy/,,,,524873456.0,Snowman,/ios/publisher/snowman/524873456,37.0,4.5,2065.0,1.0,5.0,2018-02-21T08:12:15Z,,True,http://altosodyssey.com,2020-02-19T00:00:00Z,https://apps.apple.com/US/app/id1182456409?l=en,"['US', 'AU', 'CA', 'CN', 'FR', 'DE', 'GB', 'IT', 'JP', 'KR', 'RU', 'DZ', 'AO', 'AR', 'AT', 'AZ', 'BB', 'BY', 'BE', 'BM', 'BR', 'BG', 'CL', 'CO', 'CR', 'HR', 'CZ', 'DK', 'DO', 'EC', 'EG', 'SV', 'FI', 'GH', 'GR', 'GT', 'HK', 'HU', 'IN', 'ID', 'IE', 'IL', 'KZ', 'KE', 'KW', 'LB', 'LT', 'LU', 'MO', 'MG', 'MY', 'MX', 'NL', 'NZ', 'NG', 'NO', 'OM', 'PK', 'PA', 'PE', 'PH', 'PL', 'PT', 'QA', 'RO', 'SA', 'SG', 'SK', 'SI', 'ZA', 'ES', 'LK', 'SE', 'CH', 'TW', 'TH', 'TN', 'TR', 'UA', 'AE', 'UY', 'UZ', 'VE', 'VN']",1.0.7,http://altosodyssey.com
110,"['Infrequent/Mild Horror/Fear Themes', 'Infrequent/Mild Cartoon or Fantasy Violence', 'Frequent/Intense Mature/Suggestive Themes', 'Infrequent/Mild Alcohol, Tobacco, or Drug Use or References', 'Infrequent/Mild Realistic Violence', 'Infrequent/Mild Profanity or Crude Humor']",460177396.0,460177396.0,/ios/us/twitch-interactive-inc/app/twitch-live-game-streaming/460177396/,,,tv.twitch,True,US,"[6008, 6005]",17+,7.0,2020-02-17T00:00:00Z,,,2430235.0,Twitch: Live Game Streaming,"{'downloads': 2000000, 'downloads_rounded': 2, 'prefix': None, 'string': '2m', 'units': 'm'}","{'prefix': '$', 'revenue': 3000000, 'revenue_rounded': 3, 'string': '$3m', 'units': 'm'}",https://is4-ssl.mzstatic.com/image/thumb/Purple123/v4/6a/9c/19/6a9c19e0-40b2-6609-996b-c10b3c6e8a83/TwitchAppIcon-0-0-1x_U007emarketing-0-0-0-7-0-0-sRGB-0-0-0-GLES2_U002c0-512MB-85-220-0-0.png/150x150bb.png,https://is4-ssl.mzstatic.com/image/thumb/Purple123/v4/6a/9c/19/6a9c19e0-40b2-6609-996b-c10b3c6e8a83/TwitchAppIcon-0-0-1x_U007emarketing-0-0-0-7-0-0-sRGB-0-0-0-GLES2_U002c0-512MB-85-220-0-0.png/150x150bb.png,https://is4-ssl.mzstatic.com/image/thumb/Purple123/v4/6a/9c/19/6a9c19e0-40b2-6609-996b-c10b3c6e8a83/TwitchAppIcon-0-0-1x_U007emarketing-0-0-0-7-0-0-sRGB-0-0-0-GLES2_U002c0-512MB-85-220-0-0.png/150x150bb.png,460177396.0,True,https://is3-ssl.mzstatic.com/image/thumb/Purple123/v4/de/4b/d4/de4bd43b-a168-93ab-6feb-a92a9ca40dbf/iMessage_App_Icon-0-0-1x_U007emarketing-0-0-0-0-0-3-sRGB-0-0-0-GLES2_U002c0-512MB-85-181-0-0.png/768x1024bb.png,True,Twitch: Live Game Streaming,ios,0.0,http://www.twitch.tv/user/legal?page=privacy_policy,,US,,358612219.0,"Twitch Interactive, Inc.",/ios/publisher/twitch-interactive-inc/358612219,37.0,4.5,933873.0,9477.0,4.5,2011-10-26T07:00:00Z,,True,http://www.twitch.tv/contact,2020-02-05T00:00:00Z,https://apps.apple.com/US/app/id460177396?l=en,"['US', 'AU', 'CA', 'FR', 'DE', 'GB', 'IT', 'JP', 'KR', 'RU', 'DZ', 'AO', 'AR', 'AT', 'AZ', 'BB', 'BY', 'BE', 'BM', 'BR', 'BG', 'CL', 'CO', 'CR', 'HR', 'CZ', 'DK', 'DO', 'EC', 'EG', 'SV', 'FI', 'GH', 'GR', 'GT', 'HK', 'HU', 'IN', 'ID', 'IE', 'IL', 'KZ', 'KE', 'KW', 'LB', 'LT', 'LU', 'MO', 'MG', 'MY', 'MX', 'NL', 'NZ', 'NG', 'NO', 'OM', 'PK', 'PA', 'PE', 'PH', 'PL', 'PT', 'QA', 'RO', 'SA', 'SG', 'SK', 'SI', 'ZA', 'ES', 'LK', 'SE', 'CH', 'TW', 'TH', 'TN', 'TR', 'UA', 'AE', 'UY', 'UZ', 'VE', 'VN']",8.6,http://mobile.twitch.tv
111,[],283646709.0,283646709.0,/ios/us/paypal-inc/app/paypal-mobile-cash/283646709/,,,com.yourcompany.PPClient,True,US,"[6015, 6002]",4+,1.0,2020-02-17T00:00:00Z,https://itunes.apple.com/WebObjects/MZStore.woa/wa/viewEula?cc=vn&id=283646709,,4913318.0,PayPal: Mobile Cash,"{'downloads': 2000000, 'downloads_rounded': 2, 'prefix': None, 'string': '2m', 'units': 'm'}","{'prefix': '< $', 'revenue': 1000, 'revenue_rounded': 5, 'string': '< $5k', 'units': 'k'}",https://is4-ssl.mzstatic.com/image/thumb/Purple114/v4/79/89/49/79894915-462d-3fb6-7fcd-3c8004639cd1/AppIcon-0-0-1x_U007emarketing-0-0-0-7-0-0-sRGB-0-0-0-GLES2_U002c0-512MB-85-220-0-0.png/150x150bb.png,https://is4-ssl.mzstatic.com/image/thumb/Purple114/v4/79/89/49/79894915-462d-3fb6-7fcd-3c8004639cd1/AppIcon-0-0-1x_U007emarketing-0-0-0-7-0-0-sRGB-0-0-0-GLES2_U002c0-512MB-85-220-0-0.png/150x150bb.png,https://is4-ssl.mzstatic.com/image/thumb/Purple114/v4/79/89/49/79894915-462d-3fb6-7fcd-3c8004639cd1/AppIcon-0-0-1x_U007emarketing-0-0-0-7-0-0-sRGB-0-0-0-GLES2_U002c0-512MB-85-220-0-0.png/150x150bb.png,283646709.0,,,,PayPal: Mobile Cash,ios,0.0,https://www.paypal.com/webapps/mpp/ua/privacy-full,,US,,283646712.0,"PayPal, Inc.",/ios/publisher/paypal-inc/283646712,38.0,5.0,3083780.0,3265.0,5.0,2008-07-11T07:00:00Z,,True,https://www.paypal.com/mobile,2020-02-18T00:00:00Z,https://apps.apple.com/US/app/id283646709?l=en,"['US', 'AU', 'CA', 'CN', 'FR', 'DE', 'GB', 'IT', 'JP', 'KR', 'RU', 'DZ', 'AO', 'AR', 'AT', 'AZ', 'BB', 'BY', 'BE', 'BM', 'BR', 'BG', 'CL', 'CO', 'CR', 'HR', 'CZ', 'DK', 'DO', 'EC', 'EG', 'SV', 'FI', 'GR', 'GT', 'HK', 'HU', 'IN', 'ID', 'IE', 'IL', 'KZ', 'KE', 'KW', 'LT', 'LU', 'MO', 'MG', 'MY', 'MX', 'NL', 'NZ', 'NG', 'NO', 'OM', 'PA', 'PE', 'PH', 'PL', 'PT', 'QA', 'RO', 'SA', 'SG', 'SK', 'SI', 'ZA', 'ES', 'LK', 'SE', 'CH', 'TW', 'TH', 'TN', 'TR', 'UA', 'AE', 'UY', 'VE', 'VN']",7.20.0,https://www.paypal.com/mobile
112,[],1478611992.0,1478611992.0,/ios/us/giants-software-gmbh/app/farming-simulator-20/1478611992/,,,com.giants-software.fs20,,US,"[6014, 7015, 7009]",4+,0.0,2020-02-17T00:00:00Z,,,3018.0,Farming Simulator 20,"{'downloads': 20000, 'downloads_rounded': 20, 'prefix': None, 'string': '20k', 'units': 'k'}","{'prefix': '$', 'revenue': 200000, 'revenue_rounded': 200, 'string': '$200k', 'units': 'k'}",https://is4-ssl.mzstatic.com/image/thumb/Purple123/v4/5f/fb/af/5ffbaf03-92f1-6582-debe-253576045d65/AppIcon-0-0-1x_U007emarketing-0-0-0-10-0-0-sRGB-0-0-0-GLES2_U002c0-512MB-85-220-0-0.png/150x150bb.png,https://is4-ssl.mzstatic.com/image/thumb/Purple123/v4/5f/fb/af/5ffbaf03-92f1-6582-debe-253576045d65/AppIcon-0-0-1x_U007emarketing-0-0-0-10-0-0-sRGB-0-0-0-GLES2_U002c0-512MB-85-220-0-0.png/150x150bb.png,https://is4-ssl.mzstatic.com/image/thumb/Purple123/v4/5f/fb/af/5ffbaf03-92f1-6582-debe-253576045d65/AppIcon-0-0-1x_U007emarketing-0-0-0-10-0-0-sRGB-0-0-0-GLES2_U002c0-512MB-85-220-0-0.png/150x150bb.png,1478611992.0,,,True,Farming Simulator 20,ios,5.99,http://www.farming-simulator.com/privacyPolicy.php,,Switzerland,,502494443.0,GIANTS Software GmbH,/ios/publisher/giants-software-gmbh/502494443,38.0,3.5,841.0,380.0,3.5,2019-12-03T08:00:00Z,,,https://www.farming-simulator.com/support.php,2019-12-18T00:00:00Z,https://apps.apple.com/US/app/id1478611992?l=en,"['US', 'AU', 'CA', 'CN', 'FR', 'DE', 'GB', 'IT', 'JP', 'KR', 'RU', 'DZ', 'AO', 'AR', 'AT', 'AZ', 'BB', 'BY', 'BE', 'BM', 'BR', 'BG', 'CL', 'CO', 'CR', 'HR', 'CZ', 'DK', 'DO', 'EC', 'EG', 'SV', 'FI', 'GH', 'GR', 'GT', 'HK', 'HU', 'IN', 'ID', 'IE', 'IL', 'KZ', 'KE', 'KW', 'LB', 'LT', 'LU', 'MO', 'MG', 'MY', 'MX', 'NL', 'NZ', 'NG', 'NO', 'OM', 'PK', 'PA', 'PE', 'PH', 'PL', 'PT', 'QA', 'RO', 'SA', 'SG', 'SK', 'SI', 'ZA', 'ES', 'LK', 'SE', 'CH', 'TW', 'TH', 'TN', 'TR', 'UA', 'AE', 'UY', 'UZ', 'VE', 'VN']",1.0.3,https://www.farming-simulator.com/about.php?platform=mobile
113,"['Infrequent/Mild Horror/Fear Themes', 'Infrequent/Mild Alcohol, Tobacco, or Drug Use or References', 'Frequent/Intense Cartoon or Fantasy Violence', 'Frequent/Intense Profanity or Crude Humor', 'Frequent/Intense Realistic Violence', 'Infrequent/Mild Simulated Gambling', 'Frequent/Intense Mature/Suggestive Themes', 'Frequent/Intense Sexual Content or Nudity']",550221096.0,550221096.0,/ios/us/starz-entertainment-llc/app/starz/550221096/,,,com.starz.starzplay,True,US,[6016],17+,2.0,2020-02-17T00:00:00Z,https://itunes.apple.com/WebObjects/MZStore.woa/wa/viewEula?cc=us&id=550221096,https://is1-ssl.mzstatic.com/image/thumb/Features114/v4/e6/85/6d/e6856d62-c01f-7bad-6a2f-5c55ccb59b1d/source/4320x1080.png,211292.0,STARZ,"{'downloads': 400000, 'downloads_rounded': 400, 'prefix': None, 'string': '400k', 'units': 'k'}","{'prefix': '$', 'revenue': 4000000, 'revenue_rounded': 4, 'string': '$4m', 'units': 'm'}",https://is2-ssl.mzstatic.com/image/thumb/Purple123/v4/5a/69/4f/5a694ff3-d3a2-e82f-e652-68a741cd3bec/AppIcon-0-0-1x_U007emarketing-0-0-0-10-0-0-sRGB-0-0-0-GLES2_U002c0-512MB-85-220-0-0.png/150x150bb.png,https://is2-ssl.mzstatic.com/image/thumb/Purple123/v4/5a/69/4f/5a694ff3-d3a2-e82f-e652-68a741cd3bec/AppIcon-0-0-1x_U007emarketing-0-0-0-10-0-0-sRGB-0-0-0-GLES2_U002c0-512MB-85-220-0-0.png/150x150bb.png,https://is2-ssl.mzstatic.com/image/thumb/Purple123/v4/5a/69/4f/5a694ff3-d3a2-e82f-e652-68a741cd3bec/AppIcon-0-0-1x_U007emarketing-0-0-0-10-0-0-sRGB-0-0-0-GLES2_U002c0-512MB-85-220-0-0.png/150x150bb.png,550221096.0,,,True,STARZ,ios,0.0,http://www.starz.com,,US,,550221102.0,"Starz Entertainment, LLC",/ios/publisher/starz-entertainment-llc/550221102,38.0,5.0,211292.0,4659.0,5.0,2012-10-01T07:00:00Z,,,http://www.starz.com,2020-02-05T00:00:00Z,https://apps.apple.com/US/app/id550221096?l=en,['US'],4.2.1,http://www.starz.com
114,"['Infrequent/Mild Realistic Violence', 'Infrequent/Mild Medical/Treatment Information', 'Infrequent/Mild Horror/Fear Themes', 'Frequent/Intense Mature/Suggestive Themes', 'Infrequent/Mild Cartoon or Fantasy Violence', 'Infrequent/Mild Alcohol, Tobacco, or Drug Use or References']",1462082664.0,1462082664.0,/ios/us/popshow-inc/app/yolo-anonymous-q-a/1462082664/,,,com.Popshow.YOLO,,US,"[6005, 6016]",17+,3.0,2020-02-17T00:00:00Z,,,788144.0,YOLO: Anonymous Q,"{'downloads': 2000000, 'downloads_rounded': 2, 'prefix': None, 'string': '2m', 'units': 'm'}","{'prefix': '< $', 'revenue': 1000, 'revenue_rounded': 5, 'string': '< $5k', 'units': 'k'}",https://is2-ssl.mzstatic.com/image/thumb/Purple114/v4/30/65/d8/3065d8f9-cdf1-be56-b341-6985c420092d/AppIcon-0-0-1x_U007emarketing-0-0-0-10-0-0-sRGB-0-0-0-GLES2_U002c0-512MB-85-220-0-0.png/150x150bb.png,https://is2-ssl.mzstatic.com/image/thumb/Purple114/v4/30/65/d8/3065d8f9-cdf1-be56-b341-6985c420092d/AppIcon-0-0-1x_U007emarketing-0-0-0-10-0-0-sRGB-0-0-0-GLES2_U002c0-512MB-85-220-0-0.png/150x150bb.png,https://is2-ssl.mzstatic.com/image/thumb/Purple114/v4/30/65/d8/3065d8f9-cdf1-be56-b341-6985c420092d/AppIcon-0-0-1x_U007emarketing-0-0-0-10-0-0-sRGB-0-0-0-GLES2_U002c0-512MB-85-220-0-0.png/150x150bb.png,1462082664.0,,,,YOLO: Anonymous Q&A,ios,0.0,https://onyolo.com/privacy,,US,,1287077412.0,"Popshow, Inc.",/ios/publisher/popshow-inc/1287077412,39.0,4.5,513778.0,188.0,4.5,2019-05-03T08:32:10Z,,,https://onyolo.com/support,2020-02-19T00:00:00Z,https://apps.apple.com/US/app/id1462082664?l=en,"['US', 'AU', 'CA', 'CN', 'FR', 'DE', 'GB', 'IT', 'JP', 'KR', 'RU', 'DZ', 'AO', 'AR', 'AT', 'AZ', 'BB', 'BY', 'BE', 'BM', 'BR', 'BG', 'CL', 'CO', 'CR', 'HR', 'CZ', 'DK', 'DO', 'EC', 'EG', 'SV', 'FI', 'GH', 'GR', 'GT', 'HK', 'HU', 'IN', 'ID', 'IE', 'IL', 'KZ', 'KE', 'KW', 'LB', 'LT', 'LU', 'MO', 'MG', 'MY', 'MX', 'NL', 'NZ', 'NG', 'NO', 'OM', 'PK', 'PA', 'PE', 'PH', 'PL', 'PT', 'QA', 'RO', 'SA', 'SG', 'SK', 'SI', 'ZA', 'ES', 'LK', 'SE', 'CH', 'TW', 'TH', 'TN', 'TR', 'UA', 'AE', 'UY', 'UZ', 'VE', 'VN']",3.0.4,
115,"['Infrequent/Mild Profanity or Crude Humor', 'Infrequent/Mild Cartoon or Fantasy Violence', 'Infrequent/Mild Simulated Gambling', 'Unrestricted Web Access', 'Infrequent/Mild Mature/Suggestive Themes', 'Infrequent/Mild Realistic Violence', 'Infrequent/Mild Medical/Treatment Information', 'Infrequent/Mild Horror/Fear Themes', 'Infrequent/Mild Alcohol, Tobacco, or Drug Use or References', 'Infrequent/Mild Sexual Content and Nudity']",406239138.0,406239138.0,/ios/us/cloudmosa-inc/app/puffin-browser-pro/406239138/,,,com.cloudmosa.puffin,,US,"[6002, 6007]",17+,10.0,2020-02-17T00:00:00Z,,,39743.0,Puffin Browser Pro,"{'downloads': 20000, 'downloads_rounded': 20, 'prefix': None, 'string': '20k', 'units': 'k'}","{'prefix': '$', 'revenue': 90000, 'revenue_rounded': 90, 'string': '$90k', 'units': 'k'}",https://is5-ssl.mzstatic.com/image/thumb/Purple71/v4/04/aa/d1/04aad1c7-9769-937e-f57f-30170bc321b8/mzl.ekzveuzg.png/150x150bb.png,https://is5-ssl.mzstatic.com/image/thumb/Purple71/v4/04/aa/d1/04aad1c7-9769-937e-f57f-30170bc321b8/mzl.ekzveuzg.png/150x150bb.png,https://is5-ssl.mzstatic.com/image/thumb/Purple71/v4/04/aa/d1/04aad1c7-9769-937e-f57f-30170bc321b8/mzl.ekzveuzg.png/150x150bb.png,406239138.0,True,https://is1-ssl.mzstatic.com/image/thumb/Purple91/v4/69/82/6f/69826f47-a1b5-5f35-c5aa-c33bcd830163/iMessage_App_Icon-1x_U007emarketing-0-0-GLES2_U002c0-512MB-sRGB-0-0-0-85-181-0-0-0-0.png/768x1024bb.png,,Puffin Browser Pro,ios,4.99,http://www.puffinbrowser.com/privacy/,,US,,406239141.0,"CloudMosa, Inc.",/ios/publisher/cloudmosa-inc/406239141,39.0,3.5,8107.0,745.0,3.0,2010-12-13T03:26:13Z,,True,http://www.puffinbrowser.com/feedback/Feedback.php,2016-12-14T00:00:00Z,https://apps.apple.com/US/app/id406239138?l=en,"['US', 'AU', 'CA', 'FR', 'DE', 'GB', 'IT', 'JP', 'KR', 'RU', 'DZ', 'AO', 'AR', 'AT', 'AZ', 'BB', 'BY', 'BE', 'BM', 'BR', 'BG', 'CL', 'CO', 'CR', 'HR', 'CZ', 'DK', 'DO', 'EC', 'EG', 'SV', 'FI', 'GH', 'GR', 'GT', 'HK', 'HU', 'IN', 'ID', 'IE', 'IL', 'KZ', 'KE', 'KW', 'LB', 'LT', 'LU', 'MO', 'MG', 'MY', 'MX', 'NL', 'NZ', 'NG', 'NO', 'OM', 'PK', 'PA', 'PE', 'PH', 'PL', 'PT', 'QA', 'RO', 'SA', 'SG', 'SK', 'SI', 'ZA', 'ES', 'LK', 'SE', 'CH', 'TW', 'TH', 'TN', 'TR', 'UA', 'AE', 'UY', 'UZ', 'VE', 'VN']",5.2.0,http://www.puffinbrowser.com/
116,"['Frequent/Intense Cartoon or Fantasy Violence', 'Infrequent/Mild Realistic Violence', 'Infrequent/Mild Profanity or Crude Humor']",896112560.0,896112560.0,/ios/us/kabam-games-inc/app/marvel-contest-of-champions/896112560/,,,com.kabam.marvelbattle,True,US,"[6014, 7001, 7002, 6016]",12+,-20.0,2020-02-17T00:00:00Z,,https://is1-ssl.mzstatic.com/image/thumb/Features118/v4/ee/83/42/ee8342e4-514b-767c-8dfc-5c8850617835/source/4320x1080.png,1874983.0,Marvel Contest of Champions,"{'downloads': 400000, 'downloads_rounded': 400, 'prefix': None, 'string': '400k', 'units': 'k'}","{'prefix': '$', 'revenue': 7000000, 'revenue_rounded': 7, 'string': '$7m', 'units': 'm'}",https://is4-ssl.mzstatic.com/image/thumb/Purple113/v4/74/12/48/7412484e-72dc-8885-14a3-a0aae7fccb47/AppIcon-0-1x_U007emarketing-0-85-220-0-9.png/150x150bb.png,https://is4-ssl.mzstatic.com/image/thumb/Purple113/v4/74/12/48/7412484e-72dc-8885-14a3-a0aae7fccb47/AppIcon-0-1x_U007emarketing-0-85-220-0-9.png/150x150bb.png,https://is4-ssl.mzstatic.com/image/thumb/Purple113/v4/74/12/48/7412484e-72dc-8885-14a3-a0aae7fccb47/AppIcon-0-1x_U007emarketing-0-85-220-0-9.png/150x150bb.png,896112560.0,,,True,Marvel Contest of Champions,ios,0.0,https://playcontestofchampions.com/privacy-policy/,,,,1453908357.0,"Kabam Games, Inc.",/ios/publisher/kabam-games-inc/1453908357,39.0,4.5,597676.0,3645.0,4.5,2014-12-10T16:39:54Z,,True,http://kabam.force.com/PKB,2020-02-03T00:00:00Z,https://apps.apple.com/US/app/id896112560?l=en,"['US', 'AU', 'CA', 'CN', 'FR', 'DE', 'GB', 'IT', 'JP', 'KR', 'RU', 'DZ', 'AO', 'AR', 'AT', 'AZ', 'BB', 'BY', 'BE', 'BM', 'BR', 'BG', 'CL', 'CO', 'CR', 'HR', 'CZ', 'DK', 'DO', 'EC', 'EG', 'SV', 'FI', 'GH', 'GR', 'GT', 'HK', 'HU', 'IN', 'ID', 'IE', 'IL', 'KZ', 'KE', 'KW', 'LB', 'LT', 'LU', 'MO', 'MG', 'MY', 'MX', 'NL', 'NZ', 'NG', 'NO', 'OM', 'PK', 'PA', 'PE', 'PH', 'PL', 'PT', 'QA', 'RO', 'SA', 'SG', 'SK', 'SI', 'ZA', 'ES', 'LK', 'SE', 'CH', 'TW', 'TH', 'TN', 'TR', 'UA', 'AE', 'UY', 'UZ', 'VE', 'VN']",25.3,http://www.playcontestofchampions.com/
117,"['Infrequent/Mild Mature/Suggestive Themes', 'Infrequent/Mild Sexual Content and Nudity']",429047995.0,429047995.0,/ios/us/pinterest/app/pinterest-home-recipes-diy/429047995/,,,pinterest,True,US,"[6012, 6008]",12+,1.0,2020-02-17T00:00:00Z,,,11884423.0,Pinterest: Home,"{'downloads': 4000000, 'downloads_rounded': 4, 'prefix': None, 'string': '4m', 'units': 'm'}","{'prefix': '< $', 'revenue': 1000, 'revenue_rounded': 5, 'string': '< $5k', 'units': 'k'}",https://is1-ssl.mzstatic.com/image/thumb/Purple124/v4/5e/a0/d0/5ea0d01c-925c-f3f9-2fbe-f77cb6e884d1/AppIcon-0-0-1x_U007emarketing-0-0-0-6-0-0-0-85-220.png/150x150bb.png,https://is1-ssl.mzstatic.com/image/thumb/Purple124/v4/5e/a0/d0/5ea0d01c-925c-f3f9-2fbe-f77cb6e884d1/AppIcon-0-0-1x_U007emarketing-0-0-0-6-0-0-0-85-220.png/150x150bb.png,https://is1-ssl.mzstatic.com/image/thumb/Purple124/v4/5e/a0/d0/5ea0d01c-925c-f3f9-2fbe-f77cb6e884d1/AppIcon-0-0-1x_U007emarketing-0-0-0-6-0-0-0-85-220.png/150x150bb.png,429047995.0,,,,"Pinterest: Home, recipes, DIY",ios,0.0,https://policy.pinterest.com/privacy-policy,,US,,328135727.0,Pinterest,/ios/publisher/pinterest/328135727,40.0,5.0,4950211.0,6490.0,5.0,2011-04-28T15:51:13Z,,True,https://help.pinterest.com,2020-02-15T00:00:00Z,https://apps.apple.com/US/app/id429047995?l=en,"['US', 'AU', 'CA', 'FR', 'DE', 'GB', 'IT', 'JP', 'KR', 'RU', 'DZ', 'AO', 'AR', 'AT', 'AZ', 'BB', 'BY', 'BE', 'BM', 'BR', 'BG', 'CL', 'CO', 'CR', 'HR', 'CZ', 'DK', 'DO', 'EC', 'EG', 'SV', 'FI', 'GH', 'GR', 'GT', 'HK', 'HU', 'IN', 'ID', 'IE', 'IL', 'KZ', 'KE', 'KW', 'LB', 'LT', 'LU', 'MO', 'MG', 'MY', 'MX', 'NL', 'NZ', 'NG', 'NO', 'OM', 'PK', 'PA', 'PE', 'PH', 'PL', 'PT', 'QA', 'RO', 'SA', 'SG', 'SK', 'SI', 'ZA', 'ES', 'LK', 'SE', 'CH', 'TW', 'TH', 'TN', 'TR', 'UA', 'AE', 'UY', 'UZ', 'VE', 'VN']",8.5,http://www.pinterest.com
118,[],404990064.0,404990064.0,/ios/us/terminal-eleven-llc/app/skyview-r/404990064/,,,com.t11.celeste,,US,"[6017, 6016]",4+,-1.0,2020-02-17T00:00:00Z,,,15505.0,SkyView,"{'downloads': 9000, 'downloads_rounded': 9, 'prefix': None, 'string': '9k', 'units': 'k'}","{'prefix': '$', 'revenue': 20000, 'revenue_rounded': 20, 'string': '$20k', 'units': 'k'}",https://is1-ssl.mzstatic.com/image/thumb/Purple113/v4/7f/1a/84/7f1a84ee-7452-7fbe-57ad-5539b95aea07/AppIcon-0-0-1x_U007emarketing-0-0-0-4-0-0-sRGB-0-0-0-GLES2_U002c0-512MB-85-220-0-0.png/150x150bb.png,https://is1-ssl.mzstatic.com/image/thumb/Purple113/v4/7f/1a/84/7f1a84ee-7452-7fbe-57ad-5539b95aea07/AppIcon-0-0-1x_U007emarketing-0-0-0-4-0-0-sRGB-0-0-0-GLES2_U002c0-512MB-85-220-0-0.png/150x150bb.png,https://is1-ssl.mzstatic.com/image/thumb/Purple113/v4/7f/1a/84/7f1a84ee-7452-7fbe-57ad-5539b95aea07/AppIcon-0-0-1x_U007emarketing-0-0-0-4-0-0-sRGB-0-0-0-GLES2_U002c0-512MB-85-220-0-0.png/150x150bb.png,404990064.0,,,True,SkyView®,ios,1.99,http://www.terminaleleven.com/skyview/privacy/,,US,,378238417.0,Terminal Eleven LLC,/ios/publisher/terminal-eleven-llc/378238417,40.0,4.5,7594.0,87.0,4.5,2010-12-10T22:27:03Z,,,http://www.terminaleleven.com/help/,2020-01-10T00:00:00Z,https://apps.apple.com/US/app/id404990064?l=en,"['US', 'AU', 'CA', 'CN', 'FR', 'DE', 'GB', 'IT', 'JP', 'KR', 'RU', 'DZ', 'AO', 'AR', 'AT', 'AZ', 'BB', 'BY', 'BE', 'BM', 'BR', 'BG', 'CL', 'CO', 'CR', 'HR', 'CZ', 'DK', 'DO', 'EC', 'EG', 'SV', 'FI', 'GH', 'GR', 'GT', 'HK', 'HU', 'IN', 'ID', 'IE', 'IL', 'KZ', 'KE', 'KW', 'LB', 'LT', 'LU', 'MO', 'MG', 'MY', 'MX', 'NL', 'NZ', 'NG', 'NO', 'OM', 'PK', 'PA', 'PE', 'PH', 'PL', 'PT', 'QA', 'RO', 'SA', 'SG', 'SK', 'SI', 'ZA', 'ES', 'LK', 'SE', 'CH', 'TW', 'TH', 'TN', 'TR', 'UA', 'AE', 'UY', 'UZ', 'VE', 'VN']",3.6.1,http://www.terminaleleven.com
119,['Infrequent/Mild Cartoon or Fantasy Violence'],1208952944.0,1208952944.0,/ios/us/gram-games/app/merge-dragons/1208952944/,,,com.gramgames.mergedragons,True,US,"[6014, 7012, 7009]",9+,5.0,2020-02-17T00:00:00Z,,,661664.0,Merge Dragons!,"{'downloads': 600000, 'downloads_rounded': 600, 'prefix': None, 'string': '600k', 'units': 'k'}","{'prefix': '$', 'revenue': 7000000, 'revenue_rounded': 7, 'string': '$7m', 'units': 'm'}",https://is4-ssl.mzstatic.com/image/thumb/Purple113/v4/e7/3a/1f/e73a1fba-0038-3dd9-2908-28b0e93d6034/AppIcon-0-0-1x_U007emarketing-0-0-0-8-0-85-220.png/150x150bb.png,https://is4-ssl.mzstatic.com/image/thumb/Purple113/v4/e7/3a/1f/e73a1fba-0038-3dd9-2908-28b0e93d6034/AppIcon-0-0-1x_U007emarketing-0-0-0-8-0-85-220.png/150x150bb.png,https://is4-ssl.mzstatic.com/image/thumb/Purple113/v4/e7/3a/1f/e73a1fba-0038-3dd9-2908-28b0e93d6034/AppIcon-0-0-1x_U007emarketing-0-0-0-8-0-85-220.png/150x150bb.png,1208952944.0,,,True,Merge Dragons!,ios,0.0,https://www.zynga.com/privacy/policy,,Israel,,1202264615.0,Gram Games,/ios/publisher/gram-games/1202264615,40.0,4.5,207939.0,6004.0,4.5,2017-06-28T07:59:09Z,,True,http://www.mergedragons.com,2020-02-04T00:00:00Z,https://apps.apple.com/US/app/id1208952944?l=en,"['US', 'AU', 'CA', 'CN', 'FR', 'DE', 'GB', 'IT', 'JP', 'KR', 'RU', 'DZ', 'AO', 'AR', 'AT', 'AZ', 'BB', 'BY', 'BE', 'BM', 'BR', 'BG', 'CL', 'CO', 'CR', 'HR', 'CZ', 'DK', 'DO', 'EC', 'EG', 'SV', 'FI', 'GH', 'GR', 'GT', 'HK', 'HU', 'IN', 'ID', 'IE', 'IL', 'KZ', 'KE', 'KW', 'LB', 'LT', 'LU', 'MO', 'MG', 'MY', 'MX', 'NL', 'NZ', 'NG', 'NO', 'OM', 'PK', 'PA', 'PE', 'PH', 'PL', 'PT', 'QA', 'RO', 'SA', 'SG', 'SK', 'SI', 'ZA', 'ES', 'LK', 'SE', 'CH', 'TW', 'TH', 'TN', 'TR', 'UA', 'AE', 'UY', 'UZ', 'VE', 'VN']",4.7.0,http://gram.gs
120,"['Infrequent/Mild Cartoon or Fantasy Violence', 'Infrequent/Mild Simulated Gambling', 'Infrequent/Mild Mature/Suggestive Themes', 'Infrequent/Mild Sexual Content and Nudity', 'Infrequent/Mild Alcohol, Tobacco, or Drug Use or References', 'Infrequent/Mild Horror/Fear Themes', 'Infrequent/Mild Realistic Violence', 'Infrequent/Mild Medical/Treatment Information', 'Infrequent/Mild Profanity or Crude Humor']",1491206418.0,1491206418.0,/ios/us/rollic-games/app/wood-shop/1491206418/,,,com.HeroGames.WoodShop,,US,"[6014, 7003, 7015]",12+,-9.0,2020-02-17T00:00:00Z,,,109203.0,Wood Shop,"{'downloads': 3000000, 'downloads_rounded': 3, 'prefix': None, 'string': '3m', 'units': 'm'}","{'prefix': '< $', 'revenue': 1000, 'revenue_rounded': 5, 'string': '< $5k', 'units': 'k'}",https://is1-ssl.mzstatic.com/image/thumb/Purple114/v4/a4/f0/42/a4f04206-613b-d2a7-2931-cc12243435fe/AppIcon-0-0-1x_U007emarketing-0-0-0-7-0-85-220.png/150x150bb.png,https://is1-ssl.mzstatic.com/image/thumb/Purple114/v4/a4/f0/42/a4f04206-613b-d2a7-2931-cc12243435fe/AppIcon-0-0-1x_U007emarketing-0-0-0-7-0-85-220.png/150x150bb.png,https://is1-ssl.mzstatic.com/image/thumb/Purple114/v4/a4/f0/42/a4f04206-613b-d2a7-2931-cc12243435fe/AppIcon-0-0-1x_U007emarketing-0-0-0-7-0-85-220.png/150x150bb.png,1491206418.0,,,True,Wood Shop,ios,0.0,http://rollicgames.com/policy.html,,Turkey,,1452111779.0,Rollic Games,/ios/publisher/rollic-games/1452111779,41.0,4.5,63963.0,1901.0,4.5,2019-12-19T03:31:09Z,,,http://rollicgames.com,2020-02-18T00:00:00Z,https://apps.apple.com/US/app/id1491206418?l=en,"['US', 'AU', 'CA', 'CN', 'FR', 'DE', 'GB', 'IT', 'JP', 'KR', 'RU', 'DZ', 'AO', 'AR', 'AT', 'AZ', 'BB', 'BY', 'BE', 'BM', 'BR', 'BG', 'CL', 'CO', 'CR', 'HR', 'CZ', 'DK', 'DO', 'EC', 'EG', 'SV', 'FI', 'GH', 'GR', 'GT', 'HK', 'HU', 'IN', 'ID', 'IE', 'IL', 'KZ', 'KE', 'KW', 'LB', 'LT', 'LU', 'MO', 'MG', 'MY', 'MX', 'NL', 'NZ', 'NG', 'NO', 'OM', 'PK', 'PA', 'PE', 'PH', 'PL', 'PT', 'QA', 'RO', 'SA', 'SG', 'SK', 'SI', 'ZA', 'ES', 'LK', 'SE', 'CH', 'TW', 'TH', 'TN', 'TR', 'UA', 'AE', 'UY', 'UZ', 'VE', 'VN']",1.1.3,http://rollicgames.com
121,[],1491196899.0,1491196899.0,/ios/us/flipline-studios/app/papa-s-bakeria-to-go/1491196899/,,,com.flipline.papasbakeriatogo,,US,"[6014, 7017, 7015]",4+,7.0,2020-02-17T00:00:00Z,,,77.0,Papa's Bakeria,"{'downloads': 7000, 'downloads_rounded': 7, 'prefix': None, 'string': '7k', 'units': 'k'}","{'prefix': '$', 'revenue': 20000, 'revenue_rounded': 20, 'string': '$20k', 'units': 'k'}",https://is3-ssl.mzstatic.com/image/thumb/Purple113/v4/97/04/88/97048880-c226-bc72-e3e0-e17e95c5a2e3/AppIcon-1x_U007emarketing-0-0-GLES2_U002c0-512MB-sRGB-0-0-0-85-220-0-0-0-6.png/150x150bb.png,https://is3-ssl.mzstatic.com/image/thumb/Purple113/v4/97/04/88/97048880-c226-bc72-e3e0-e17e95c5a2e3/AppIcon-1x_U007emarketing-0-0-GLES2_U002c0-512MB-sRGB-0-0-0-85-220-0-0-0-6.png/150x150bb.png,https://is3-ssl.mzstatic.com/image/thumb/Purple113/v4/97/04/88/97048880-c226-bc72-e3e0-e17e95c5a2e3/AppIcon-1x_U007emarketing-0-0-GLES2_U002c0-512MB-sRGB-0-0-0-85-220-0-0-0-6.png/150x150bb.png,1491196899.0,,,True,Papa's Bakeria To Go!,ios,1.99,http://www.flipline.com/privacy.html,,US,,514634238.0,Flipline Studios,/ios/publisher/flipline-studios/514634238,41.0,5.0,53.0,53.0,5.0,2020-01-16T15:21:23Z,,,http://www.flipline.com/support.html,2020-01-30T00:00:00Z,https://apps.apple.com/US/app/id1491196899?l=en,"['US', 'AU', 'CA', 'CN', 'FR', 'DE', 'GB', 'IT', 'JP', 'KR', 'RU', 'DZ', 'AO', 'AR', 'AT', 'AZ', 'BB', 'BY', 'BE', 'BM', 'BR', 'BG', 'CL', 'CO', 'CR', 'HR', 'CZ', 'DK', 'DO', 'EC', 'EG', 'SV', 'FI', 'GH', 'GR', 'GT', 'HK', 'HU', 'IN', 'ID', 'IE', 'IL', 'KZ', 'KE', 'KW', 'LB', 'LT', 'LU', 'MO', 'MG', 'MY', 'MX', 'NL', 'NZ', 'NG', 'NO', 'OM', 'PK', 'PA', 'PE', 'PH', 'PL', 'PT', 'QA', 'RO', 'SA', 'SG', 'SK', 'SI', 'ZA', 'ES', 'LK', 'SE', 'CH', 'TW', 'TH', 'TN', 'TR', 'UA', 'AE', 'UY', 'UZ', 'VE', 'VN']",1.0.0,http://www.flipline.com/apps/papasbakeriatogo/
122,['Frequent/Intense Cartoon or Fantasy Violence'],1371565796.0,1371565796.0,/ios/us/plarium-global-ltd/app/raid-shadow-legends/1371565796/,,,com.plarium.raidlegends,True,US,"[6014, 7014, 7001]",12+,2.0,2020-02-17T00:00:00Z,,https://is5-ssl.mzstatic.com/image/thumb/Features124/v4/db/67/d7/db67d705-bad3-6756-33a2-8cb419105bc1/source/4320x1080.png,408813.0,RAID: Shadow Legends,"{'downloads': 700000, 'downloads_rounded': 700, 'prefix': None, 'string': '700k', 'units': 'k'}","{'prefix': '$', 'revenue': 7000000, 'revenue_rounded': 7, 'string': '$7m', 'units': 'm'}",https://is4-ssl.mzstatic.com/image/thumb/Purple113/v4/18/15/d0/1815d0e2-ef25-9587-3ba2-0fab5079ded8/AppIcon-0-1x_U007emarketing-0-85-220-0-7.png/150x150bb.png,https://is4-ssl.mzstatic.com/image/thumb/Purple113/v4/18/15/d0/1815d0e2-ef25-9587-3ba2-0fab5079ded8/AppIcon-0-1x_U007emarketing-0-85-220-0-7.png/150x150bb.png,https://is4-ssl.mzstatic.com/image/thumb/Purple113/v4/18/15/d0/1815d0e2-ef25-9587-3ba2-0fab5079ded8/AppIcon-0-1x_U007emarketing-0-85-220-0-7.png/150x150bb.png,1371565796.0,,,True,RAID: Shadow Legends,ios,0.0,http://plarium.com/en/privacy-and-cookie-policy/,,US,,489487383.0,Plarium Global Ltd,/ios/publisher/plarium-global-ltd/489487383,41.0,5.0,165848.0,5121.0,4.5,2019-03-01T16:53:43Z,,,https://plarium.com/forum/en/raid-shadow-legends/,2020-02-12T00:00:00Z,https://apps.apple.com/US/app/id1371565796?l=en,"['US', 'AU', 'CA', 'FR', 'DE', 'GB', 'IT', 'JP', 'KR', 'RU', 'DZ', 'AO', 'AR', 'AT', 'AZ', 'BB', 'BY', 'BE', 'BM', 'BR', 'BG', 'CL', 'CO', 'CR', 'HR', 'CZ', 'DK', 'DO', 'EC', 'EG', 'SV', 'FI', 'GH', 'GR', 'GT', 'HK', 'HU', 'IN', 'ID', 'IE', 'IL', 'KZ', 'KE', 'KW', 'LT', 'LU', 'MO', 'MG', 'MY', 'MX', 'NL', 'NZ', 'NG', 'NO', 'OM', 'PK', 'PA', 'PE', 'PH', 'PL', 'PT', 'QA', 'RO', 'SA', 'SG', 'SK', 'SI', 'ZA', 'ES', 'LK', 'SE', 'CH', 'TW', 'TH', 'TN', 'TR', 'UA', 'AE', 'UY', 'UZ', 'VE', 'VN']",1.13.0,
123,"['Infrequent/Mild Mature/Suggestive Themes', 'Infrequent/Mild Sexual Content and Nudity', 'Infrequent/Mild Alcohol, Tobacco, or Drug Use or References', 'Infrequent/Mild Medical/Treatment Information', 'Infrequent/Mild Realistic Violence', 'Infrequent/Mild Cartoon or Fantasy Violence', 'Infrequent/Mild Horror/Fear Themes']",1491328118.0,1491328118.0,/ios/us/saygames-llc/app/johnny-trigger/1491328118/,,,com.time.trigger,,US,"[6014, 7003, 7001]",12+,4.0,2020-02-17T00:00:00Z,,,620658.0,Johnny Trigger,"{'downloads': 7000000, 'downloads_rounded': 7, 'prefix': None, 'string': '7m', 'units': 'm'}","{'prefix': '$', 'revenue': 40000, 'revenue_rounded': 40, 'string': '$40k', 'units': 'k'}",https://is5-ssl.mzstatic.com/image/thumb/Purple123/v4/d6/54/d6/d654d68e-566c-b893-323a-7052e1948e28/AppIcon-0-1x_U007emarketing-0-85-220-0-7.png/150x150bb.png,https://is5-ssl.mzstatic.com/image/thumb/Purple123/v4/d6/54/d6/d654d68e-566c-b893-323a-7052e1948e28/AppIcon-0-1x_U007emarketing-0-85-220-0-7.png/150x150bb.png,https://is5-ssl.mzstatic.com/image/thumb/Purple123/v4/d6/54/d6/d654d68e-566c-b893-323a-7052e1948e28/AppIcon-0-1x_U007emarketing-0-85-220-0-7.png/150x150bb.png,1491328118.0,,,True,Johnny Trigger,ios,0.0,https://saygames.by/privacy-policy/johnnytrigger,,Belarus,,1405039362.0,SayGames LLC,/ios/publisher/saygames-llc/1405039362,42.0,5.0,230422.0,38231.0,5.0,2019-12-14T17:36:28Z,,,https://saygames.by/support/johnnytrigger,2020-01-31T00:00:00Z,https://apps.apple.com/US/app/id1491328118?l=en,"['US', 'AU', 'CA', 'CN', 'FR', 'DE', 'GB', 'IT', 'JP', 'KR', 'RU', 'DZ', 'AO', 'AR', 'AT', 'AZ', 'BB', 'BY', 'BE', 'BM', 'BR', 'BG', 'CL', 'CO', 'CR', 'HR', 'CZ', 'DK', 'DO', 'EC', 'EG', 'SV', 'FI', 'GH', 'GR', 'GT', 'HK', 'HU', 'IN', 'ID', 'IE', 'IL', 'KZ', 'KE', 'KW', 'LB', 'LT', 'LU', 'MO', 'MG', 'MY', 'MX', 'NL', 'NZ', 'NG', 'NO', 'OM', 'PK', 'PA', 'PE', 'PH', 'PL', 'PT', 'QA', 'RO', 'SA', 'SG', 'SK', 'SI', 'ZA', 'ES', 'LK', 'SE', 'CH', 'TW', 'TH', 'TN', 'TR', 'UA', 'AE', 'UY', 'UZ', 'VE', 'VN']",1.6.4,https://saygames.by/
124,"['Infrequent/Mild Realistic Violence', 'Frequent/Intense Cartoon or Fantasy Violence']",891194610.0,891194610.0,/ios/us/not-doppler/app/earn-to-die-2/891194610/,,,com.notdoppler.EarntoDie2,,US,"[6014, 7013, 7001]",12+,5.0,2020-02-17T00:00:00Z,,https://is1-ssl.mzstatic.com/image/thumb/Features117/v4/83/49/84/83498499-a65f-d1f1-4cff-763846b366bb/source/4320x1080.png,23947.0,Earn to Die 2,"{'downloads': 20000, 'downloads_rounded': 20, 'prefix': None, 'string': '20k', 'units': 'k'}","{'prefix': '$', 'revenue': 30000, 'revenue_rounded': 30, 'string': '$30k', 'units': 'k'}",https://is5-ssl.mzstatic.com/image/thumb/Purple113/v4/cf/2f/2f/cf2f2f46-3af0-316c-fbd9-79683ddafd0c/AppIcon-0-0-1x_U007emarketing-0-0-0-7-85-220.png/150x150bb.png,https://is5-ssl.mzstatic.com/image/thumb/Purple113/v4/cf/2f/2f/cf2f2f46-3af0-316c-fbd9-79683ddafd0c/AppIcon-0-0-1x_U007emarketing-0-0-0-7-85-220.png/150x150bb.png,https://is5-ssl.mzstatic.com/image/thumb/Purple113/v4/cf/2f/2f/cf2f2f46-3af0-316c-fbd9-79683ddafd0c/AppIcon-0-0-1x_U007emarketing-0-0-0-7-85-220.png/150x150bb.png,891194610.0,,,True,Earn to Die 2,ios,0.99,http://www.notdoppler.com/earntodie2/privacypolicy.php,,Australia,,554937502.0,Not Doppler,/ios/publisher/not-doppler/554937502,42.0,4.5,4990.0,368.0,5.0,2014-11-20T08:00:00Z,,True,http://www.notdoppler.com/earntodie2/help.php,2019-11-25T00:00:00Z,https://apps.apple.com/US/app/id891194610?l=en,"['US', 'AU', 'CA', 'CN', 'FR', 'DE', 'GB', 'IT', 'JP', 'RU', 'DZ', 'AO', 'AR', 'AT', 'AZ', 'BB', 'BY', 'BE', 'BM', 'BR', 'BG', 'CL', 'CO', 'CR', 'HR', 'CZ', 'DK', 'DO', 'EC', 'EG', 'SV', 'FI', 'GH', 'GR', 'GT', 'HK', 'HU', 'IN', 'ID', 'IE', 'IL', 'KZ', 'KE', 'KW', 'LB', 'LT', 'LU', 'MO', 'MG', 'MY', 'MX', 'NL', 'NZ', 'NG', 'NO', 'OM', 'PK', 'PA', 'PE', 'PH', 'PL', 'PT', 'QA', 'RO', 'SA', 'SG', 'SK', 'SI', 'ZA', 'ES', 'LK', 'SE', 'CH', 'TW', 'TH', 'TN', 'TR', 'UA', 'AE', 'UY', 'UZ', 'VE', 'VN']",1.4.17,http://www.notdoppler.com/earntodie2
125,"['Infrequent/Mild Profanity or Crude Humor', 'Frequent/Intense Realistic Violence', 'Infrequent/Mild Horror/Fear Themes', 'Infrequent/Mild Mature/Suggestive Themes']",1287282214.0,1287282214.0,/ios/us/activision-publishing-inc/app/call-of-duty-r-mobile/1287282214/,,,com.activision.callofduty.shooter,True,US,"[6014, 7001]",17+,-3.0,2020-02-17T00:00:00Z,https://itunes.apple.com/WebObjects/MZStore.woa/wa/viewEula?cc=ae&id=1287282214,https://is1-ssl.mzstatic.com/image/thumb/Features123/v4/55/97/5e/55975ec6-8fda-df77-9ad0-c1474a56184f/source/4320x1080.png,1884559.0,Call of Duty,"{'downloads': 4000000, 'downloads_rounded': 4, 'prefix': None, 'string': '4m', 'units': 'm'}","{'prefix': '$', 'revenue': 13000000, 'revenue_rounded': 13, 'string': '$13m', 'units': 'm'}",https://is5-ssl.mzstatic.com/image/thumb/Purple123/v4/f3/d9/57/f3d957ab-dc0b-1c6e-df4c-1fa7e58a5978/AppIcon-0-1x_U007emarketing-0-85-220-0-9.png/150x150bb.png,https://is5-ssl.mzstatic.com/image/thumb/Purple123/v4/f3/d9/57/f3d957ab-dc0b-1c6e-df4c-1fa7e58a5978/AppIcon-0-1x_U007emarketing-0-85-220-0-9.png/150x150bb.png,https://is5-ssl.mzstatic.com/image/thumb/Purple123/v4/f3/d9/57/f3d957ab-dc0b-1c6e-df4c-1fa7e58a5978/AppIcon-0-1x_U007emarketing-0-85-220-0-9.png/150x150bb.png,1287282214.0,,,True,Call of Duty®: Mobile,ios,0.0,https://www.activision.com/legal/privacy-policy,,US,,285005466.0,"Activision Publishing, Inc.",/ios/publisher/activision-publishing-inc/285005466,42.0,5.0,792972.0,75151.0,4.5,2019-09-30T20:32:41Z,,,https://support.activision.com,2020-01-16T00:00:00Z,https://apps.apple.com/US/app/id1287282214?l=en,"['US', 'AU', 'CA', 'FR', 'DE', 'GB', 'IT', 'JP', 'RU', 'DZ', 'AO', 'AR', 'AT', 'AZ', 'BB', 'BY', 'BM', 'BR', 'BG', 'CL', 'CO', 'CR', 'HR', 'CZ', 'DK', 'DO', 'EC', 'EG', 'SV', 'FI', 'GH', 'GR', 'GT', 'HU', 'IN', 'IE', 'IL', 'KZ', 'KE', 'KW', 'LB', 'LT', 'LU', 'MG', 'MX', 'NL', 'NZ', 'NG', 'NO', 'OM', 'PK', 'PA', 'PE', 'PL', 'PT', 'QA', 'RO', 'SA', 'SK', 'SI', 'ZA', 'ES', 'LK', 'SE', 'CH', 'TN', 'TR', 'UA', 'AE', 'UY', 'UZ', 'VE']",1.0.10,http://www.activision.com
126,[],940247939.0,940247939.0,/ios/us/intuit-inc/app/turbotax-tax-return-app/940247939/,True,https://is3-ssl.mzstatic.com/image/thumb/Purple114/v4/1b/5f/11/1b5f116a-3525-b5c1-46b3-2ddf31bb7ffb/AppIcon-0-0-1x_U007emarketing-0-0-0-9-0-0-sRGB-0-0-0-GLES2_U002c0-512MB-85-220-0-0.png/150x150bb.png,com.intuit.turbotax,True,US,"[6015, 6007]",4+,-6.0,2020-02-17T00:00:00Z,https://itunes.apple.com/WebObjects/MZStore.woa/wa/viewEula?cc=us&id=940247939,,390398.0,TurboTax Tax Return App,"{'downloads': 1000000, 'downloads_rounded': 1, 'prefix': None, 'string': '1m', 'units': 'm'}","{'prefix': '< $', 'revenue': 1000, 'revenue_rounded': 5, 'string': '< $5k', 'units': 'k'}",https://is4-ssl.mzstatic.com/image/thumb/Purple124/v4/e4/68/b7/e468b736-a88b-6451-ece2-28380781bf09/AppIcon-0-0-1x_U007emarketing-0-0-0-6-0-0-sRGB-0-0-0-GLES2_U002c0-512MB-85-220-0-0.png/150x150bb.png,https://is4-ssl.mzstatic.com/image/thumb/Purple124/v4/e4/68/b7/e468b736-a88b-6451-ece2-28380781bf09/AppIcon-0-0-1x_U007emarketing-0-0-0-6-0-0-sRGB-0-0-0-GLES2_U002c0-512MB-85-220-0-0.png/150x150bb.png,https://is4-ssl.mzstatic.com/image/thumb/Purple124/v4/e4/68/b7/e468b736-a88b-6451-ece2-28380781bf09/AppIcon-0-0-1x_U007emarketing-0-0-0-6-0-0-sRGB-0-0-0-GLES2_U002c0-512MB-85-220-0-0.png/150x150bb.png,940247939.0,,,True,TurboTax Tax Return App,ios,0.0,http://security.intuit.com/privacy,,US,,313441566.0,Intuit Inc.,/ios/publisher/intuit-inc/313441566,43.0,5.0,390398.0,2636.0,5.0,2014-12-18T08:00:00Z,,,http://www.intuit.com,2020-02-18T00:00:00Z,https://apps.apple.com/US/app/id940247939?l=en,['US'],6.2.2,https://turbotax.intuit.com/personal-taxes/mobile-apps/turbotax.jsp
127,['Infrequent/Mild Cartoon or Fantasy Violence'],950812012.0,950812012.0,/ios/us/snowman/app/alto-s-adventure/950812012/,,,com.snowman.alto,True,US,"[6014, 7001, 7016]",9+,15.0,2020-02-17T00:00:00Z,,,30482.0,Alto's Adventure,"{'downloads': 7000, 'downloads_rounded': 7, 'prefix': None, 'string': '7k', 'units': 'k'}","{'prefix': '$', 'revenue': 30000, 'revenue_rounded': 30, 'string': '$30k', 'units': 'k'}",https://is2-ssl.mzstatic.com/image/thumb/Purple128/v4/b4/6f/92/b46f921a-a331-e327-5bab-5a5b538ea245/AppIcon-0-1x_U007emarketing-0-0-85-220-0-9.png/150x150bb.png,https://is2-ssl.mzstatic.com/image/thumb/Purple128/v4/b4/6f/92/b46f921a-a331-e327-5bab-5a5b538ea245/AppIcon-0-1x_U007emarketing-0-0-85-220-0-9.png/150x150bb.png,https://is2-ssl.mzstatic.com/image/thumb/Purple128/v4/b4/6f/92/b46f921a-a331-e327-5bab-5a5b538ea245/AppIcon-0-1x_U007emarketing-0-0-85-220-0-9.png/150x150bb.png,950812012.0,True,https://is2-ssl.mzstatic.com/image/thumb/Purple118/v4/a1/10/e1/a110e19a-e21a-31ad-9262-50a070b9b850/iMessage_App_Icon-0-1x_U007emarketing-0-0-GLES2_U002c0-512MB-sRGB-0-0-0-85-181-0-0-0-0.png/768x1024bb.png,,Alto's Adventure,ios,0.99,http://www.builtbysnowman.com/privacy/,,,,524873456.0,Snowman,/ios/publisher/snowman/524873456,43.0,4.5,9283.0,327.0,4.5,2015-02-19T08:23:01Z,,True,http://altosadventure.com,2018-11-07T00:00:00Z,https://apps.apple.com/US/app/id950812012?l=en,"['US', 'AU', 'CA', 'CN', 'FR', 'DE', 'GB', 'IT', 'JP', 'KR', 'RU', 'DZ', 'AO', 'AR', 'AT', 'AZ', 'BB', 'BY', 'BE', 'BM', 'BR', 'BG', 'CL', 'CO', 'CR', 'HR', 'CZ', 'DK', 'DO', 'EC', 'EG', 'SV', 'FI', 'GH', 'GR', 'GT', 'HK', 'HU', 'IN', 'ID', 'IE', 'IL', 'KZ', 'KE', 'KW', 'LB', 'LT', 'LU', 'MO', 'MG', 'MY', 'MX', 'NL', 'NZ', 'NG', 'NO', 'OM', 'PK', 'PA', 'PE', 'PH', 'PL', 'PT', 'QA', 'RO', 'SA', 'SG', 'SK', 'SI', 'ZA', 'ES', 'LK', 'SE', 'CH', 'TW', 'TH', 'TN', 'TR', 'UA', 'AE', 'UY', 'UZ', 'VE', 'VN']",1.6.3,http://altosadventure.com
128,"['Infrequent/Mild Mature/Suggestive Themes', 'Frequent/Intense Simulated Gambling', 'Infrequent/Mild Alcohol, Tobacco, or Drug Use or References', 'Infrequent/Mild Profanity or Crude Humor']",719525810.0,719525810.0,/ios/us/playtika-ltd/app/world-series-of-poker-wsop/719525810/,,,com.playtika.wsop,True,US,"[6014, 6016, 7005, 7006]",17+,-7.0,2020-02-17T00:00:00Z,,https://is4-ssl.mzstatic.com/image/thumb/Features117/v4/07/11/0e/07110eaa-50f3-4d19-aee8-be4eae070e37/source/4320x1080.png,305692.0,World Series of Poker,"{'downloads': 400000, 'downloads_rounded': 400, 'prefix': None, 'string': '400k', 'units': 'k'}","{'prefix': '$', 'revenue': 4000000, 'revenue_rounded': 4, 'string': '$4m', 'units': 'm'}",https://is5-ssl.mzstatic.com/image/thumb/Purple123/v4/82/44/83/82448327-73e7-e437-fd21-00d2887705aa/AppIcon-0-1x_U007emarketing-0-0-85-220-0-7.png/150x150bb.png,https://is5-ssl.mzstatic.com/image/thumb/Purple123/v4/82/44/83/82448327-73e7-e437-fd21-00d2887705aa/AppIcon-0-1x_U007emarketing-0-0-85-220-0-7.png/150x150bb.png,https://is5-ssl.mzstatic.com/image/thumb/Purple123/v4/82/44/83/82448327-73e7-e437-fd21-00d2887705aa/AppIcon-0-1x_U007emarketing-0-0-85-220-0-7.png/150x150bb.png,719525810.0,,,True,World Series of Poker - WSOP,ios,0.0,http://www.playtika.com/privacy-policy.html,,Israel,,447553567.0,Playtika LTD,/ios/publisher/playtika-ltd/447553567,43.0,4.5,189109.0,12.0,4.5,2013-11-20T15:34:42Z,,True,https://playtikaprod.service-now.com/wsop_support_main.do,2020-02-20T00:00:00Z,https://apps.apple.com/US/app/id719525810?l=en,"['US', 'AU', 'CA', 'FR', 'DE', 'GB', 'IT', 'JP', 'KR', 'RU', 'DZ', 'AO', 'AR', 'AT', 'AZ', 'BB', 'BY', 'BE', 'BM', 'BR', 'BG', 'CL', 'CO', 'CR', 'HR', 'CZ', 'DK', 'DO', 'EC', 'EG', 'SV', 'FI', 'GH', 'GR', 'GT', 'HK', 'HU', 'IN', 'ID', 'IE', 'IL', 'KZ', 'KE', 'KW', 'LB', 'LT', 'LU', 'MO', 'MG', 'MY', 'MX', 'NL', 'NZ', 'NG', 'NO', 'OM', 'PK', 'PA', 'PE', 'PH', 'PL', 'PT', 'QA', 'RO', 'SA', 'SG', 'SK', 'SI', 'ZA', 'ES', 'LK', 'SE', 'CH', 'TW', 'TH', 'TN', 'TR', 'UA', 'AE', 'UY', 'UZ', 'VE', 'VN']",7.2.0,http://www.facebook.com/WorldSeriesofPokerGame
129,[],919087726.0,919087726.0,/ios/us/photomath-inc/app/photomath/919087726/,,,com.microblink.PhotoMath,,US,"[6017, 6007]",4+,7.0,2020-02-17T00:00:00Z,,https://is3-ssl.mzstatic.com/image/thumb/Features123/v4/eb/a5/25/eba52562-9450-0a46-6752-f5c7f8c89662/source/4320x1080.png,633515.0,Photomath,"{'downloads': 2000000, 'downloads_rounded': 2, 'prefix': None, 'string': '2m', 'units': 'm'}","{'prefix': '$', 'revenue': 300000, 'revenue_rounded': 300, 'string': '$300k', 'units': 'k'}",https://is2-ssl.mzstatic.com/image/thumb/Purple123/v4/85/73/5f/85735f32-d8c1-b51f-6d55-f9c26241ab2d/AppIcon-0-0-1x_U007emarketing-0-0-0-7-0-0-sRGB-0-0-0-GLES2_U002c0-512MB-85-220-0-0.png/150x150bb.png,https://is2-ssl.mzstatic.com/image/thumb/Purple123/v4/85/73/5f/85735f32-d8c1-b51f-6d55-f9c26241ab2d/AppIcon-0-0-1x_U007emarketing-0-0-0-7-0-0-sRGB-0-0-0-GLES2_U002c0-512MB-85-220-0-0.png/150x150bb.png,https://is2-ssl.mzstatic.com/image/thumb/Purple123/v4/85/73/5f/85735f32-d8c1-b51f-6d55-f9c26241ab2d/AppIcon-0-0-1x_U007emarketing-0-0-0-7-0-0-sRGB-0-0-0-GLES2_U002c0-512MB-85-220-0-0.png/150x150bb.png,919087726.0,,,True,Photomath,ios,0.0,https://photomath.net/privacypolicy,,US,,901413062.0,"Photomath, Inc.",/ios/publisher/photomath-inc/901413062,44.0,5.0,249240.0,7733.0,4.5,2014-10-17T13:56:43Z,,True,http://www.photomath.net,2020-02-03T00:00:00Z,https://apps.apple.com/US/app/id919087726?l=en,"['US', 'AU', 'CA', 'CN', 'FR', 'DE', 'GB', 'IT', 'JP', 'KR', 'RU', 'DZ', 'AO', 'AR', 'AT', 'AZ', 'BB', 'BY', 'BE', 'BM', 'BR', 'BG', 'CL', 'CO', 'CR', 'HR', 'CZ', 'DK', 'DO', 'EC', 'EG', 'SV', 'FI', 'GH', 'GR', 'GT', 'HK', 'HU', 'IN', 'ID', 'IE', 'IL', 'KZ', 'KE', 'KW', 'LB', 'LT', 'LU', 'MO', 'MG', 'MY', 'MX', 'NL', 'NZ', 'NG', 'NO', 'OM', 'PK', 'PA', 'PE', 'PH', 'PL', 'PT', 'QA', 'RO', 'SA', 'SG', 'SK', 'SI', 'ZA', 'ES', 'LK', 'SE', 'CH', 'TW', 'TH', 'TN', 'TR', 'UA', 'AE', 'UY', 'UZ', 'VE', 'VN']",6.7.0,http://www.photomath.net
130,[],333710667.0,333710667.0,/ios/us/readdle-inc/app/scanner-pro-pdf-scanner-app/333710667/,,,com.readdle.Scanner,True,US,"[6000, 6007]",4+,-2.0,2020-02-17T00:00:00Z,,https://is4-ssl.mzstatic.com/image/thumb/Features3/v4/c9/b4/b4/c9b4b4f4-8a9e-0605-bd10-04b4d6d2b4f8/source/4320x1080.png,376081.0,Scanner Pro,"{'downloads': 10000, 'downloads_rounded': 10, 'prefix': None, 'string': '10k', 'units': 'k'}","{'prefix': '$', 'revenue': 70000, 'revenue_rounded': 70, 'string': '$70k', 'units': 'k'}",https://is2-ssl.mzstatic.com/image/thumb/Purple113/v4/72/a4/63/72a463f4-f42b-9fd5-4ba9-74284b835c85/ScannerPro-0-0-1x_U007emarketing-0-0-0-6-0-0-sRGB-0-0-0-GLES2_U002c0-512MB-85-220-0-0.png/150x150bb.png,https://is2-ssl.mzstatic.com/image/thumb/Purple113/v4/72/a4/63/72a463f4-f42b-9fd5-4ba9-74284b835c85/ScannerPro-0-0-1x_U007emarketing-0-0-0-6-0-0-sRGB-0-0-0-GLES2_U002c0-512MB-85-220-0-0.png/150x150bb.png,https://is2-ssl.mzstatic.com/image/thumb/Purple113/v4/72/a4/63/72a463f4-f42b-9fd5-4ba9-74284b835c85/ScannerPro-0-0-1x_U007emarketing-0-0-0-6-0-0-sRGB-0-0-0-GLES2_U002c0-512MB-85-220-0-0.png/150x150bb.png,333710667.0,True,https://is3-ssl.mzstatic.com/image/thumb/Purple123/v4/5c/0e/65/5c0e6544-cc26-b28d-3de7-681a2bcb4ccc/iMessage_App_Icon-0-0-1x_U007emarketing-0-0-0-0-0-3-sRGB-0-0-0-GLES2_U002c0-512MB-85-181-0-0.png/768x1024bb.png,True,Scanner Pro: PDF Scanner App,ios,3.99,https://readdle.com/scanner/privacy,,Ukraine,,285035419.0,Readdle Inc.,/ios/publisher/readdle-inc/285035419,44.0,5.0,147712.0,3002.0,5.0,2009-10-09T21:56:01Z,,True,http://readdle.com/contact,2020-02-10T00:00:00Z,https://apps.apple.com/US/app/id333710667?l=en,"['US', 'AU', 'CA', 'CN', 'FR', 'DE', 'GB', 'IT', 'JP', 'KR', 'RU', 'DZ', 'AO', 'AR', 'AT', 'AZ', 'BB', 'BY', 'BE', 'BM', 'BR', 'BG', 'CL', 'CO', 'CR', 'HR', 'CZ', 'DK', 'DO', 'EC', 'EG', 'SV', 'FI', 'GH', 'GR', 'GT', 'HK', 'HU', 'IN', 'ID', 'IE', 'IL', 'KZ', 'KE', 'KW', 'LB', 'LT', 'LU', 'MO', 'MG', 'MY', 'MX', 'NL', 'NZ', 'NG', 'NO', 'OM', 'PK', 'PA', 'PE', 'PH', 'PL', 'PT', 'QA', 'RO', 'SA', 'SG', 'SK', 'SI', 'ZA', 'ES', 'LK', 'SE', 'CH', 'TW', 'TH', 'TN', 'TR', 'UA', 'AE', 'UY', 'UZ', 'VE', 'VN']",7.5.15,http://readdle.com
131,"['Infrequent/Mild Cartoon or Fantasy Violence', 'Infrequent/Mild Realistic Violence']",1322399438.0,1322399438.0,/ios/us/smilegate-megaport/app/epic-seven/1322399438/,,,com.stove.epic7.ios,True,US,"[6014, 7014]",12+,192.0,2020-02-17T00:00:00Z,,,98979.0,Epic Seven,"{'downloads': 80000, 'downloads_rounded': 80, 'prefix': None, 'string': '80k', 'units': 'k'}","{'prefix': '$', 'revenue': 3000000, 'revenue_rounded': 3, 'string': '$3m', 'units': 'm'}",https://is1-ssl.mzstatic.com/image/thumb/Purple123/v4/f4/0d/27/f40d2700-f03f-f057-f8bc-47008eb94c31/AppIcon-0-0-1x_U007emarketing-0-0-0-7-0-85-220.png/150x150bb.png,https://is1-ssl.mzstatic.com/image/thumb/Purple123/v4/f4/0d/27/f40d2700-f03f-f057-f8bc-47008eb94c31/AppIcon-0-0-1x_U007emarketing-0-0-0-7-0-85-220.png/150x150bb.png,https://is1-ssl.mzstatic.com/image/thumb/Purple123/v4/f4/0d/27/f40d2700-f03f-f057-f8bc-47008eb94c31/AppIcon-0-0-1x_U007emarketing-0-0-0-7-0-85-220.png/150x150bb.png,1322399438.0,,,True,Epic Seven,ios,0.0,http://terms.smilegatemegaport.com/privacy_policy_en/index.html,,South Korea,,588277915.0,Smilegate Megaport,/ios/publisher/smilegate-megaport/588277915,44.0,4.5,20636.0,446.0,4.5,2018-11-03T18:35:46Z,,,http://www.onstove.com/,2020-02-06T00:00:00Z,https://apps.apple.com/US/app/id1322399438?l=en,"['US', 'AU', 'CA', 'FR', 'DE', 'GB', 'IT', 'JP', 'KR', 'RU', 'DZ', 'AO', 'AR', 'AT', 'AZ', 'BB', 'BY', 'BE', 'BM', 'BR', 'BG', 'CL', 'CO', 'CR', 'HR', 'CZ', 'DK', 'DO', 'EC', 'EG', 'SV', 'FI', 'GH', 'GR', 'GT', 'HK', 'HU', 'IN', 'ID', 'IE', 'IL', 'KZ', 'KE', 'KW', 'LB', 'LT', 'LU', 'MO', 'MG', 'MY', 'MX', 'NL', 'NZ', 'NG', 'NO', 'OM', 'PK', 'PA', 'PE', 'PH', 'PL', 'PT', 'QA', 'RO', 'SA', 'SG', 'SK', 'SI', 'ZA', 'ES', 'LK', 'SE', 'CH', 'TW', 'TH', 'TN', 'TR', 'UA', 'AE', 'UY', 'UZ', 'VE', 'VN']",1.0.212,https://epic7.smilegatemegaport.com/world
132,"['Infrequent/Mild Profanity or Crude Humor', 'Frequent/Intense Realistic Violence', 'Infrequent/Mild Horror/Fear Themes', 'Infrequent/Mild Mature/Suggestive Themes']",1287282214.0,1287282214.0,/ios/us/activision-publishing-inc/app/call-of-duty-r-mobile/1287282214/,,,com.activision.callofduty.shooter,True,US,"[6014, 7001]",17+,-2.0,2020-02-17T00:00:00Z,https://itunes.apple.com/WebObjects/MZStore.woa/wa/viewEula?cc=ae&id=1287282214,https://is1-ssl.mzstatic.com/image/thumb/Features123/v4/55/97/5e/55975ec6-8fda-df77-9ad0-c1474a56184f/source/4320x1080.png,1884559.0,Call of Duty,"{'downloads': 4000000, 'downloads_rounded': 4, 'prefix': None, 'string': '4m', 'units': 'm'}","{'prefix': '$', 'revenue': 13000000, 'revenue_rounded': 13, 'string': '$13m', 'units': 'm'}",https://is5-ssl.mzstatic.com/image/thumb/Purple123/v4/f3/d9/57/f3d957ab-dc0b-1c6e-df4c-1fa7e58a5978/AppIcon-0-1x_U007emarketing-0-85-220-0-9.png/150x150bb.png,https://is5-ssl.mzstatic.com/image/thumb/Purple123/v4/f3/d9/57/f3d957ab-dc0b-1c6e-df4c-1fa7e58a5978/AppIcon-0-1x_U007emarketing-0-85-220-0-9.png/150x150bb.png,https://is5-ssl.mzstatic.com/image/thumb/Purple123/v4/f3/d9/57/f3d957ab-dc0b-1c6e-df4c-1fa7e58a5978/AppIcon-0-1x_U007emarketing-0-85-220-0-9.png/150x150bb.png,1287282214.0,,,True,Call of Duty®: Mobile,ios,0.0,https://www.activision.com/legal/privacy-policy,,US,,285005466.0,"Activision Publishing, Inc.",/ios/publisher/activision-publishing-inc/285005466,45.0,5.0,792972.0,75151.0,4.5,2019-09-30T20:32:41Z,,,https://support.activision.com,2020-01-16T00:00:00Z,https://apps.apple.com/US/app/id1287282214?l=en,"['US', 'AU', 'CA', 'FR', 'DE', 'GB', 'IT', 'JP', 'RU', 'DZ', 'AO', 'AR', 'AT', 'AZ', 'BB', 'BY', 'BM', 'BR', 'BG', 'CL', 'CO', 'CR', 'HR', 'CZ', 'DK', 'DO', 'EC', 'EG', 'SV', 'FI', 'GH', 'GR', 'GT', 'HU', 'IN', 'IE', 'IL', 'KZ', 'KE', 'KW', 'LB', 'LT', 'LU', 'MG', 'MX', 'NL', 'NZ', 'NG', 'NO', 'OM', 'PK', 'PA', 'PE', 'PL', 'PT', 'QA', 'RO', 'SA', 'SK', 'SI', 'ZA', 'ES', 'LK', 'SE', 'CH', 'TN', 'TR', 'UA', 'AE', 'UY', 'UZ', 'VE']",1.0.10,http://www.activision.com
133,[],365724094.0,365724094.0,/ios/us/core-coders-ltd/app/ski-tracks/365724094/,True,https://is1-ssl.mzstatic.com/image/thumb/Purple123/v4/22/42/87/22428724-2720-ca5f-b20d-987bbab0fc19/AppIcon-0-0-1x_U007emarketing-0-0-0-9-0-0-sRGB-0-0-0-GLES2_U002c0-512MB-85-220-0-0.png/150x150bb.png,com.corecoders.SkiTracks,,US,"[6010, 6004]",4+,-10.0,2020-02-17T00:00:00Z,,,4301.0,Ski Tracks,"{'downloads': 10000, 'downloads_rounded': 10, 'prefix': None, 'string': '10k', 'units': 'k'}","{'prefix': '$', 'revenue': 20000, 'revenue_rounded': 20, 'string': '$20k', 'units': 'k'}",https://is2-ssl.mzstatic.com/image/thumb/Purple123/v4/e0/85/71/e08571c2-df7f-6938-013f-bc447067c3ad/AppIcon-0-0-1x_U007emarketing-0-0-0-4-0-0-sRGB-0-0-0-GLES2_U002c0-512MB-85-220-0-0.png/150x150bb.png,https://is2-ssl.mzstatic.com/image/thumb/Purple123/v4/e0/85/71/e08571c2-df7f-6938-013f-bc447067c3ad/AppIcon-0-0-1x_U007emarketing-0-0-0-4-0-0-sRGB-0-0-0-GLES2_U002c0-512MB-85-220-0-0.png/150x150bb.png,https://is2-ssl.mzstatic.com/image/thumb/Purple123/v4/e0/85/71/e08571c2-df7f-6938-013f-bc447067c3ad/AppIcon-0-0-1x_U007emarketing-0-0-0-4-0-0-sRGB-0-0-0-GLES2_U002c0-512MB-85-220-0-0.png/150x150bb.png,365724094.0,,,,Ski Tracks,ios,0.99,http://www.corecoders.com/privacy-policy/,,Great Britain,,294178619.0,Core Coders Ltd,/ios/publisher/core-coders-ltd/294178619,45.0,4.5,1158.0,47.0,4.0,2010-04-05T22:35:37Z,,,https://corecoders.zendesk.com/hc/en-gb/sections/201617831-iOS,2020-01-01T00:00:00Z,https://apps.apple.com/US/app/id365724094?l=en,"['US', 'AU', 'CA', 'CN', 'FR', 'DE', 'GB', 'IT', 'JP', 'KR', 'RU', 'DZ', 'AO', 'AR', 'AT', 'AZ', 'BB', 'BY', 'BE', 'BM', 'BR', 'BG', 'CL', 'CO', 'CR', 'HR', 'CZ', 'DK', 'DO', 'EC', 'EG', 'SV', 'FI', 'GH', 'GR', 'GT', 'HK', 'HU', 'IN', 'ID', 'IE', 'IL', 'KZ', 'KE', 'KW', 'LB', 'LT', 'LU', 'MO', 'MG', 'MY', 'MX', 'NL', 'NZ', 'NG', 'NO', 'OM', 'PK', 'PA', 'PE', 'PH', 'PL', 'PT', 'QA', 'RO', 'SA', 'SG', 'SK', 'SI', 'ZA', 'ES', 'LK', 'SE', 'CH', 'TW', 'TH', 'TN', 'TR', 'UA', 'AE', 'UY', 'UZ', 'VE', 'VN']",2.4.4,https://www.corecoders.com/ski-tracks-app/
134,['Frequent/Intense Simulated Gambling'],1123582513.0,1123582513.0,/ios/us/product-madness/app/cashman-casino-las-vegas-slots/1123582513/,,,com.productmadness.mrcashmancasino,True,US,"[6014, 6012, 7006]",17+,7.0,2020-02-17T00:00:00Z,,,153221.0,Cashman Casino Las Vegas Slots,"{'downloads': 70000, 'downloads_rounded': 70, 'prefix': None, 'string': '70k', 'units': 'k'}","{'prefix': '$', 'revenue': 6000000, 'revenue_rounded': 6, 'string': '$6m', 'units': 'm'}",https://is3-ssl.mzstatic.com/image/thumb/Purple124/v4/e4/b4/58/e4b45857-d2d5-1c44-ff72-70aa826ce842/AppIcon-0-1x_U007emarketing-0-GLES2_U002c0-85-220-0-7.png/150x150bb.png,https://is3-ssl.mzstatic.com/image/thumb/Purple124/v4/e4/b4/58/e4b45857-d2d5-1c44-ff72-70aa826ce842/AppIcon-0-1x_U007emarketing-0-GLES2_U002c0-85-220-0-7.png/150x150bb.png,https://is3-ssl.mzstatic.com/image/thumb/Purple124/v4/e4/b4/58/e4b45857-d2d5-1c44-ff72-70aa826ce842/AppIcon-0-1x_U007emarketing-0-GLES2_U002c0-85-220-0-7.png/150x150bb.png,1123582513.0,,,True,Cashman Casino Las Vegas Slots,ios,0.0,https://www.productmadness.com/private-policy,,US,,525894639.0,Product Madness,/ios/publisher/product-madness/525894639,45.0,4.5,105008.0,43.0,4.5,2017-07-14T18:24:56Z,,,https://productmadness.zendesk.com/hc/en-us/requests/new,2020-02-19T00:00:00Z,https://apps.apple.com/US/app/id1123582513?l=en,"['US', 'AU', 'CA', 'FR', 'DE', 'GB', 'IT', 'JP', 'RU', 'DZ', 'AO', 'AR', 'AT', 'AZ', 'BB', 'BY', 'BM', 'BR', 'BG', 'CL', 'CO', 'CR', 'HR', 'CZ', 'DK', 'DO', 'EC', 'EG', 'SV', 'FI', 'GH', 'GR', 'GT', 'HK', 'HU', 'IN', 'ID', 'IE', 'IL', 'KZ', 'KE', 'KW', 'LB', 'LT', 'LU', 'MG', 'MY', 'MX', 'NL', 'NZ', 'NG', 'NO', 'OM', 'PK', 'PA', 'PE', 'PH', 'PL', 'PT', 'QA', 'RO', 'SA', 'SG', 'SK', 'SI', 'ZA', 'ES', 'LK', 'SE', 'CH', 'TW', 'TH', 'TN', 'TR', 'UA', 'AE', 'UY', 'UZ', 'VE', 'VN']",2.23.2,
135,[],962194608.0,962194608.0,/ios/us/google-llc/app/google-photos/962194608/,,,com.google.photos,True,US,[6008],4+,-1.0,2020-02-17T00:00:00Z,https://itunes.apple.com/WebObjects/MZStore.woa/wa/viewEula?cc=vn&id=962194608,,1094438.0,Google Photos,"{'downloads': 4000000, 'downloads_rounded': 4, 'prefix': None, 'string': '4m', 'units': 'm'}","{'prefix': '$', 'revenue': 400000, 'revenue_rounded': 400, 'string': '$400k', 'units': 'k'}",https://is4-ssl.mzstatic.com/image/thumb/Purple124/v4/61/16/c2/6116c2f1-1fa9-ebe8-ece6-2ab0f8fc39c9/logo_photos_color-0-0-1x_U007emarketing-0-0-0-6-0-0-sRGB-0-0-0-GLES2_U002c0-512MB-85-220-0-0.png/150x150bb.png,https://is4-ssl.mzstatic.com/image/thumb/Purple124/v4/61/16/c2/6116c2f1-1fa9-ebe8-ece6-2ab0f8fc39c9/logo_photos_color-0-0-1x_U007emarketing-0-0-0-6-0-0-sRGB-0-0-0-GLES2_U002c0-512MB-85-220-0-0.png/150x150bb.png,https://is4-ssl.mzstatic.com/image/thumb/Purple124/v4/61/16/c2/6116c2f1-1fa9-ebe8-ece6-2ab0f8fc39c9/logo_photos_color-0-0-1x_U007emarketing-0-0-0-6-0-0-sRGB-0-0-0-GLES2_U002c0-512MB-85-220-0-0.png/150x150bb.png,962194608.0,True,https://is1-ssl.mzstatic.com/image/thumb/Purple124/v4/68/e5/af/68e5af5e-4709-f621-a547-46c260be67da/MessagesExtension-0-0-1x_U007emarketing-0-0-0-0-0-0-sRGB-0-0-0-GLES2_U002c0-512MB-85-181-0-0.png/768x1024bb.png,True,Google Photos,ios,0.0,http://www.google.com/policies/privacy,,US,,281956209.0,Google LLC,/ios/publisher/google-llc/281956209,46.0,4.5,324694.0,1220.0,4.5,2015-05-28T20:53:27Z,,True,https://support.google.com/photos,2020-02-13T00:00:00Z,https://apps.apple.com/US/app/id962194608?l=en,"['US', 'AU', 'CA', 'CN', 'FR', 'DE', 'GB', 'IT', 'JP', 'KR', 'RU', 'DZ', 'AO', 'AR', 'AT', 'AZ', 'BB', 'BY', 'BE', 'BM', 'BR', 'BG', 'CL', 'CO', 'CR', 'HR', 'CZ', 'DK', 'DO', 'EC', 'EG', 'SV', 'FI', 'GH', 'GR', 'GT', 'HK', 'HU', 'IN', 'ID', 'IE', 'IL', 'KZ', 'KE', 'KW', 'LB', 'LT', 'LU', 'MO', 'MG', 'MY', 'MX', 'NL', 'NZ', 'NG', 'NO', 'OM', 'PK', 'PA', 'PE', 'PH', 'PL', 'PT', 'QA', 'RO', 'SA', 'SG', 'SK', 'SI', 'ZA', 'ES', 'LK', 'SE', 'CH', 'TW', 'TH', 'TN', 'TR', 'UA', 'AE', 'UY', 'UZ', 'VE', 'VN']",4.40,https://www.google.com/photos/about
136,[],475249619.0,475249619.0,/ios/us/jason-loewy/app/my-macros-diet-calories/475249619/,True,https://is3-ssl.mzstatic.com/image/thumb/Purple113/v4/69/14/26/691426a5-64dc-e1d9-6a1a-ee2a5715a42c/AppIcon-2-0-0-1x_U007emarketing-0-0-0-9-0-0-sRGB-0-0-0-GLES2_U002c0-512MB-85-220-0-0.png/150x150bb.png,com.jloewy.mymacros,True,US,"[6013, 6012]",4+,4.0,2020-02-17T00:00:00Z,,,19310.0,My Macros+ | Diet,"{'downloads': 6000, 'downloads_rounded': 6, 'prefix': None, 'string': '6k', 'units': 'k'}","{'prefix': '$', 'revenue': 30000, 'revenue_rounded': 30, 'string': '$30k', 'units': 'k'}",https://is3-ssl.mzstatic.com/image/thumb/Purple114/v4/e1/40/00/e140007d-b470-ec7b-e5b4-898f7e03c368/AppIcon-0-0-1x_U007emarketing-0-0-0-7-0-0-sRGB-0-0-0-GLES2_U002c0-512MB-85-220-0-0.png/150x150bb.png,https://is3-ssl.mzstatic.com/image/thumb/Purple114/v4/e1/40/00/e140007d-b470-ec7b-e5b4-898f7e03c368/AppIcon-0-0-1x_U007emarketing-0-0-0-7-0-0-sRGB-0-0-0-GLES2_U002c0-512MB-85-220-0-0.png/150x150bb.png,https://is3-ssl.mzstatic.com/image/thumb/Purple114/v4/e1/40/00/e140007d-b470-ec7b-e5b4-898f7e03c368/AppIcon-0-0-1x_U007emarketing-0-0-0-7-0-0-sRGB-0-0-0-GLES2_U002c0-512MB-85-220-0-0.png/150x150bb.png,475249619.0,,,True,My Macros+ | Diet & Calories,ios,2.99,http://getmymacros.com/privacypolicy.html,,,,449565979.0,Jason Loewy,/ios/publisher/jason-loewy/449565979,46.0,4.5,16118.0,11.0,4.5,2011-10-28T23:41:52Z,,,http://getMyMacros.com,2020-02-19T00:00:00Z,https://apps.apple.com/US/app/id475249619?l=en,"['US', 'AU', 'CA', 'CN', 'FR', 'DE', 'GB', 'IT', 'JP', 'KR', 'RU', 'DZ', 'AO', 'AR', 'AT', 'AZ', 'BB', 'BY', 'BE', 'BM', 'BR', 'BG', 'CL', 'CO', 'CR', 'HR', 'CZ', 'DK', 'DO', 'EC', 'EG', 'SV', 'FI', 'GH', 'GR', 'GT', 'HK', 'HU', 'IN', 'ID', 'IE', 'IL', 'KZ', 'KE', 'KW', 'LB', 'LT', 'LU', 'MO', 'MG', 'MY', 'MX', 'NL', 'NZ', 'NG', 'NO', 'OM', 'PK', 'PA', 'PE', 'PH', 'PL', 'PT', 'QA', 'RO', 'SA', 'SG', 'SK', 'SI', 'ZA', 'ES', 'LK', 'SE', 'CH', 'TW', 'TH', 'TN', 'TR', 'UA', 'AE', 'UY', 'UZ', 'VE', 'VN']",2020.06,http://getMyMacros.com
137,[],317469184.0,317469184.0,/ios/us/espn/app/espn-live-sports-scores/317469184/,True,https://is5-ssl.mzstatic.com/image/thumb/Purple113/v4/8b/45/3a/8b453ac4-62f5-c70e-cfaa-2ddda69dc679/AppIcon-0-0-1x_U007emarketing-0-0-0-9-0-0-sRGB-0-0-0-GLES2_U002c0-512MB-85-220-0-0.png/150x150bb.png,com.espn.ScoreCenter,True,US,"[6004, 6016]",4+,-14.0,2020-02-17T00:00:00Z,,,720868.0,ESPN: Live Sports,"{'downloads': 1000000, 'downloads_rounded': 1, 'prefix': None, 'string': '1m', 'units': 'm'}","{'prefix': '$', 'revenue': 6000000, 'revenue_rounded': 6, 'string': '$6m', 'units': 'm'}",https://is3-ssl.mzstatic.com/image/thumb/Purple123/v4/a7/81/56/a781568c-618f-e37c-8b52-d280917e00db/AppIcon-0-0-1x_U007emarketing-0-0-0-7-0-0-sRGB-0-0-0-GLES2_U002c0-512MB-85-220-0-0.png/150x150bb.png,https://is3-ssl.mzstatic.com/image/thumb/Purple123/v4/a7/81/56/a781568c-618f-e37c-8b52-d280917e00db/AppIcon-0-0-1x_U007emarketing-0-0-0-7-0-0-sRGB-0-0-0-GLES2_U002c0-512MB-85-220-0-0.png/150x150bb.png,https://is3-ssl.mzstatic.com/image/thumb/Purple123/v4/a7/81/56/a781568c-618f-e37c-8b52-d280917e00db/AppIcon-0-0-1x_U007emarketing-0-0-0-7-0-0-sRGB-0-0-0-GLES2_U002c0-512MB-85-220-0-0.png/150x150bb.png,317469184.0,True,https://is4-ssl.mzstatic.com/image/thumb/Purple113/v4/d5/77/e2/d577e2f1-2265-075c-dd00-3786f321c795/iMessage_App_Icon-0-0-1x_U007emarketing-0-0-0-0-0-0-sRGB-0-0-0-GLES2_U002c0-512MB-85-181-0-0.png/768x1024bb.png,True,ESPN: Live Sports & Scores,ios,0.0,https://disneyprivacycenter.com/,,US,,317469187.0,ESPN,/ios/publisher/espn/317469187,46.0,4.0,657603.0,339.0,3.0,2009-06-02T07:00:00Z,,,https://r.espn.go.com/members/contact/index,2020-02-10T00:00:00Z,https://apps.apple.com/US/app/id317469184?l=en,"['US', 'AU', 'CA', 'CN', 'FR', 'DE', 'GB', 'IT', 'JP', 'KR', 'RU', 'DZ', 'AO', 'AR', 'AT', 'AZ', 'BB', 'BY', 'BE', 'BM', 'BR', 'BG', 'CL', 'CO', 'CR', 'HR', 'CZ', 'DK', 'DO', 'EC', 'EG', 'SV', 'FI', 'GH', 'GR', 'GT', 'HK', 'HU', 'IN', 'ID', 'IE', 'IL', 'KZ', 'KE', 'KW', 'LB', 'LT', 'LU', 'MO', 'MG', 'MY', 'MX', 'NL', 'NZ', 'NG', 'NO', 'OM', 'PK', 'PA', 'PE', 'PH', 'PL', 'PT', 'QA', 'RO', 'SA', 'SG', 'SK', 'SI', 'ZA', 'ES', 'LK', 'SE', 'CH', 'TW', 'TH', 'TN', 'TR', 'UA', 'AE', 'UY', 'UZ', 'VE', 'VN']",6.15,http://www.espn.com
138,"['Infrequent/Mild Mature/Suggestive Themes', 'Infrequent/Mild Realistic Violence', 'Infrequent/Mild Profanity or Crude Humor', 'Infrequent/Mild Sexual Content and Nudity', 'Infrequent/Mild Horror/Fear Themes', 'Infrequent/Mild Alcohol, Tobacco, or Drug Use or References', 'Infrequent/Mild Cartoon or Fantasy Violence', 'Infrequent/Mild Medical/Treatment Information']",545519333.0,545519333.0,/ios/us/amzn-mobile-llc/app/amazon-prime-video/545519333/,,,com.amazon.aiv.AIVApp,True,US,"[6016, 6012]",12+,-3.0,2020-02-17T00:00:00Z,,,3308911.0,Amazon Prime Video,"{'downloads': 4000000, 'downloads_rounded': 4, 'prefix': None, 'string': '4m', 'units': 'm'}","{'prefix': '$', 'revenue': 3000000, 'revenue_rounded': 3, 'string': '$3m', 'units': 'm'}",https://is5-ssl.mzstatic.com/image/thumb/Purple123/v4/a5/39/14/a5391488-6c9b-83ce-db83-26de6bd61924/AppIcon-0-1x_U007emarketing-0-0-GLES2_U002c0-512MB-sRGB-0-0-0-85-220-0-0-0-7.png/150x150bb.png,https://is5-ssl.mzstatic.com/image/thumb/Purple123/v4/a5/39/14/a5391488-6c9b-83ce-db83-26de6bd61924/AppIcon-0-1x_U007emarketing-0-0-GLES2_U002c0-512MB-sRGB-0-0-0-85-220-0-0-0-7.png/150x150bb.png,https://is5-ssl.mzstatic.com/image/thumb/Purple123/v4/a5/39/14/a5391488-6c9b-83ce-db83-26de6bd61924/AppIcon-0-1x_U007emarketing-0-0-GLES2_U002c0-512MB-sRGB-0-0-0-85-220-0-0-0-7.png/150x150bb.png,545519333.0,,,True,Amazon Prime Video,ios,0.0,https://www.primevideo.com/ww-av-legal-home,,US,,297606954.0,AMZN Mobile LLC,/ios/publisher/amzn-mobile-llc/297606954,47.0,5.0,1644077.0,20399.0,5.0,2012-07-31T07:00:00Z,,,https://www.primevideo.com/help,2020-02-06T00:00:00Z,https://apps.apple.com/US/app/id545519333?l=en,"['US', 'AU', 'CA', 'FR', 'DE', 'GB', 'IT', 'JP', 'KR', 'RU', 'DZ', 'AO', 'AR', 'AT', 'AZ', 'BB', 'BY', 'BE', 'BM', 'BR', 'BG', 'CL', 'CO', 'CR', 'HR', 'CZ', 'DK', 'DO', 'EC', 'EG', 'SV', 'FI', 'GH', 'GR', 'GT', 'HK', 'HU', 'IN', 'ID', 'IE', 'IL', 'KZ', 'KE', 'KW', 'LB', 'LT', 'LU', 'MO', 'MG', 'MY', 'MX', 'NL', 'NZ', 'NG', 'NO', 'OM', 'PK', 'PA', 'PE', 'PH', 'PL', 'PT', 'QA', 'RO', 'SA', 'SG', 'SK', 'SI', 'ZA', 'ES', 'LK', 'SE', 'CH', 'TW', 'TH', 'TN', 'TR', 'UA', 'AE', 'UY', 'UZ', 'VE', 'VN']",7.10,https://www.primevideo.com/help?nodeId=202064900
139,[],955687901.0,955687901.0,/ios/us/bytes-inc/app/kirakira/955687901/,,,com.kentaroid.kirakira,,US,[6008],4+,-4.0,2020-02-17T00:00:00Z,,,47122.0,kirakira+,"{'downloads': 20000, 'downloads_rounded': 20, 'prefix': None, 'string': '20k', 'units': 'k'}","{'prefix': '$', 'revenue': 20000, 'revenue_rounded': 20, 'string': '$20k', 'units': 'k'}",https://is2-ssl.mzstatic.com/image/thumb/Purple114/v4/05/fb/bf/05fbbf63-50b5-a095-0dda-db653cb5543c/AppIcon-0-1x_U007emarketing-0-0-GLES2_U002c0-512MB-sRGB-0-0-0-85-220-0-0-0-7.png/150x150bb.png,https://is2-ssl.mzstatic.com/image/thumb/Purple114/v4/05/fb/bf/05fbbf63-50b5-a095-0dda-db653cb5543c/AppIcon-0-1x_U007emarketing-0-0-GLES2_U002c0-512MB-sRGB-0-0-0-85-220-0-0-0-7.png/150x150bb.png,https://is2-ssl.mzstatic.com/image/thumb/Purple114/v4/05/fb/bf/05fbbf63-50b5-a095-0dda-db653cb5543c/AppIcon-0-1x_U007emarketing-0-0-GLES2_U002c0-512MB-sRGB-0-0-0-85-220-0-0-0-7.png/150x150bb.png,955687901.0,,,True,kirakira+,ios,0.99,https://kirakira.plus/privacy/,,,,451040503.0,bytes inc.,/ios/publisher/bytes-inc/451040503,47.0,5.0,9122.0,2721.0,5.0,2015-02-26T05:52:12Z,,True,https://kirakira.plus,2019-01-05T00:00:00Z,https://apps.apple.com/US/app/id955687901?l=en,"['US', 'AU', 'CA', 'CN', 'FR', 'DE', 'GB', 'IT', 'JP', 'KR', 'RU', 'DZ', 'AO', 'AR', 'AT', 'AZ', 'BB', 'BY', 'BE', 'BM', 'BR', 'BG', 'CL', 'CO', 'CR', 'HR', 'CZ', 'DK', 'DO', 'EC', 'EG', 'SV', 'FI', 'GH', 'GR', 'GT', 'HK', 'HU', 'IN', 'ID', 'IE', 'IL', 'KZ', 'KE', 'KW', 'LB', 'LT', 'LU', 'MO', 'MG', 'MY', 'MX', 'NL', 'NZ', 'NG', 'NO', 'OM', 'PK', 'PA', 'PE', 'PH', 'PL', 'PT', 'QA', 'RO', 'SA', 'SG', 'SK', 'SI', 'ZA', 'ES', 'LK', 'SE', 'CH', 'TW', 'TH', 'TN', 'TR', 'UA', 'AE', 'UY', 'UZ', 'VE', 'VN']",2.1.2,
140,"['Infrequent/Mild Realistic Violence', 'Infrequent/Mild Cartoon or Fantasy Violence', 'Infrequent/Mild Alcohol, Tobacco, or Drug Use or References', 'Infrequent/Mild Mature/Suggestive Themes', 'Infrequent/Mild Horror/Fear Themes', 'Infrequent/Mild Profanity or Crude Humor']",1183802626.0,1183802626.0,/ios/us/aniplex-inc/app/fate-grand-order-english/1183802626/,,,com.aniplex.fategrandorder.en,True,US,"[6014, 7005, 7014]",12+,-21.0,2020-02-17T00:00:00Z,,https://is5-ssl.mzstatic.com/image/thumb/Features117/v4/08/14/89/081489c5-05de-1b2d-4a2e-452260941f58/source/4320x1080.png,11438.0,Fate/Grand Order,"{'downloads': 20000, 'downloads_rounded': 20, 'prefix': None, 'string': '20k', 'units': 'k'}","{'prefix': '$', 'revenue': 3000000, 'revenue_rounded': 3, 'string': '$3m', 'units': 'm'}",https://is2-ssl.mzstatic.com/image/thumb/Purple114/v4/62/67/b5/6267b5b6-0951-206b-b72b-fe9ebd142b6a/AppIcon-0-1x_U007emarketing-0-0-GLES2_U002c0-512MB-sRGB-0-0-0-85-220-0-0-0-6.png/150x150bb.png,https://is2-ssl.mzstatic.com/image/thumb/Purple114/v4/62/67/b5/6267b5b6-0951-206b-b72b-fe9ebd142b6a/AppIcon-0-1x_U007emarketing-0-0-GLES2_U002c0-512MB-sRGB-0-0-0-85-220-0-0-0-6.png/150x150bb.png,https://is2-ssl.mzstatic.com/image/thumb/Purple114/v4/62/67/b5/6267b5b6-0951-206b-b72b-fe9ebd142b6a/AppIcon-0-1x_U007emarketing-0-0-GLES2_U002c0-512MB-sRGB-0-0-0-85-220-0-0-0-6.png/150x150bb.png,1183802626.0,,,True,Fate/Grand Order (English),ios,0.0,http://www.aniplex.co.jp/eng/privacy.html,,Japan,,884966694.0,Aniplex Inc.,/ios/publisher/aniplex-inc/884966694,47.0,4.5,8188.0,122.0,5.0,2017-06-25T03:07:02Z,,,http://fate-go.us/,2020-02-18T00:00:00Z,https://apps.apple.com/US/app/id1183802626?l=en,"['US', 'AU', 'CA', 'PH', 'SG', 'TH', 'VN']",1.40.0,http://fate-go.us/
141,[],384830320.0,384830320.0,/ios/us/life360/app/life360-find-family-friends/384830320/,,,com.life360.safetymap,True,US,"[6005, 6012]",4+,0.0,2020-02-17T00:00:00Z,,,988718.0,Life360: Find Family,"{'downloads': 2000000, 'downloads_rounded': 2, 'prefix': None, 'string': '2m', 'units': 'm'}","{'prefix': '$', 'revenue': 2000000, 'revenue_rounded': 2, 'string': '$2m', 'units': 'm'}",https://is2-ssl.mzstatic.com/image/thumb/Purple123/v4/dd/c4/f4/ddc4f4e4-fff7-59d3-8431-f13d329bc5b7/AppIcon-0-0-1x_U007emarketing-0-0-0-7-0-0-sRGB-0-0-0-GLES2_U002c0-512MB-85-220-0-0.png/150x150bb.png,https://is2-ssl.mzstatic.com/image/thumb/Purple123/v4/dd/c4/f4/ddc4f4e4-fff7-59d3-8431-f13d329bc5b7/AppIcon-0-0-1x_U007emarketing-0-0-0-7-0-0-sRGB-0-0-0-GLES2_U002c0-512MB-85-220-0-0.png/150x150bb.png,https://is2-ssl.mzstatic.com/image/thumb/Purple123/v4/dd/c4/f4/ddc4f4e4-fff7-59d3-8431-f13d329bc5b7/AppIcon-0-0-1x_U007emarketing-0-0-0-7-0-0-sRGB-0-0-0-GLES2_U002c0-512MB-85-220-0-0.png/150x150bb.png,384830320.0,,,True,Life360: Find Family & Friends,ios,0.0,https://www.life360.com/app-privacy/,,US,,309681604.0,Life360,/ios/publisher/life360/309681604,48.0,4.5,640197.0,606.0,3.5,2010-08-10T07:00:00Z,,True,https://www.life360.com/support/,2020-02-12T00:00:00Z,https://apps.apple.com/US/app/id384830320?l=en,"['US', 'AU', 'CA', 'CN', 'FR', 'DE', 'GB', 'IT', 'JP', 'KR', 'RU', 'DZ', 'AO', 'AR', 'AT', 'AZ', 'BB', 'BY', 'BE', 'BM', 'BR', 'BG', 'CL', 'CO', 'CR', 'HR', 'CZ', 'DK', 'DO', 'EC', 'EG', 'SV', 'FI', 'GH', 'GR', 'GT', 'HK', 'HU', 'IN', 'ID', 'IE', 'IL', 'KZ', 'KE', 'KW', 'LB', 'LT', 'LU', 'MO', 'MG', 'MY', 'MX', 'NL', 'NZ', 'NG', 'NO', 'OM', 'PK', 'PA', 'PE', 'PH', 'PL', 'PT', 'QA', 'RO', 'SA', 'SG', 'SK', 'SI', 'ZA', 'ES', 'LK', 'SE', 'CH', 'TW', 'TH', 'TN', 'TR', 'UA', 'AE', 'UY', 'UZ', 'VE', 'VN']",20.0,http://www.life360.com
142,['Infrequent/Mild Cartoon or Fantasy Violence'],1330451888.0,1330451888.0,/ios/us/codebrew-games-inc/app/pocket-city/1330451888/,,,com.codebrewgames.pocketcity,,US,"[6014, 7017, 7015]",9+,-2.0,2020-02-17T00:00:00Z,,,4916.0,Pocket City,"{'downloads': 10000, 'downloads_rounded': 10, 'prefix': None, 'string': '10k', 'units': 'k'}","{'prefix': '$', 'revenue': 30000, 'revenue_rounded': 30, 'string': '$30k', 'units': 'k'}",https://is1-ssl.mzstatic.com/image/thumb/Purple123/v4/e7/d8/2b/e7d82b95-2342-74d4-8e8f-5f14e7735131/AppIcon-0-0-1x_U007emarketing-0-0-0-10-0-0-85-220.png/150x150bb.png,https://is1-ssl.mzstatic.com/image/thumb/Purple123/v4/e7/d8/2b/e7d82b95-2342-74d4-8e8f-5f14e7735131/AppIcon-0-0-1x_U007emarketing-0-0-0-10-0-0-85-220.png/150x150bb.png,https://is1-ssl.mzstatic.com/image/thumb/Purple123/v4/e7/d8/2b/e7d82b95-2342-74d4-8e8f-5f14e7735131/AppIcon-0-0-1x_U007emarketing-0-0-0-10-0-0-85-220.png/150x150bb.png,1330451888.0,,,,Pocket City,ios,2.99,https://pocketcitygame.com/privacy_pocket_city.html,,,,1330451887.0,Codebrew Games Inc.,/ios/publisher/codebrew-games-inc/1330451887,48.0,4.5,2630.0,134.0,4.5,2018-07-31T00:00:00Z,,True,https://pocketcitygame.com,2020-01-22T00:00:00Z,https://apps.apple.com/US/app/id1330451888?l=en,"['US', 'AU', 'CA', 'CN', 'FR', 'DE', 'GB', 'IT', 'JP', 'KR', 'RU', 'DZ', 'AO', 'AR', 'AT', 'AZ', 'BB', 'BY', 'BE', 'BM', 'BR', 'BG', 'CL', 'CO', 'CR', 'HR', 'CZ', 'DK', 'DO', 'EC', 'EG', 'SV', 'FI', 'GH', 'GR', 'GT', 'HK', 'HU', 'IN', 'ID', 'IE', 'IL', 'KZ', 'KE', 'KW', 'LB', 'LT', 'LU', 'MO', 'MG', 'MY', 'MX', 'NL', 'NZ', 'NG', 'NO', 'OM', 'PK', 'PA', 'PE', 'PH', 'PL', 'PT', 'QA', 'RO', 'SA', 'SG', 'SK', 'SI', 'ZA', 'ES', 'LK', 'SE', 'CH', 'TW', 'TH', 'TN', 'TR', 'UA', 'AE', 'UY', 'UZ', 'VE', 'VN']",1.0.31,https://pocketcitygame.com
143,[],1216575026.0,1216575026.0,/ios/us/firecraft-studios-ltd/app/matchington-mansion/1216575026/,,,com.matchington.mansion,True,US,"[6014, 7012, 7009]",4+,6.0,2020-02-17T00:00:00Z,,https://is5-ssl.mzstatic.com/image/thumb/Features113/v4/03/cc/15/03cc1569-8832-d323-2958-48d1e9dfa2f5/source/4320x1080.png,688369.0,Matchington Mansion,"{'downloads': 800000, 'downloads_rounded': 800, 'prefix': None, 'string': '800k', 'units': 'k'}","{'prefix': '$', 'revenue': 7000000, 'revenue_rounded': 7, 'string': '$7m', 'units': 'm'}",https://is4-ssl.mzstatic.com/image/thumb/Purple114/v4/24/0d/05/240d0512-493e-a6e4-0491-f31614835db1/AppIcon-0-1x_U007emarketing-0-85-220-0-7.png/150x150bb.png,https://is4-ssl.mzstatic.com/image/thumb/Purple114/v4/24/0d/05/240d0512-493e-a6e4-0491-f31614835db1/AppIcon-0-1x_U007emarketing-0-85-220-0-7.png/150x150bb.png,https://is4-ssl.mzstatic.com/image/thumb/Purple114/v4/24/0d/05/240d0512-493e-a6e4-0491-f31614835db1/AppIcon-0-1x_U007emarketing-0-85-220-0-7.png/150x150bb.png,1216575026.0,,,True,Matchington Mansion,ios,0.0,http://www.firecraftstudios.com/privacy.html,,China,,1399403555.0,Firecraft Studios Ltd.,/ios/publisher/firecraft-studios-ltd/1399403555,48.0,4.0,209118.0,5391.0,4.5,2017-10-11T16:30:56Z,,True,http://www.firecraftstudios.com/,2020-02-13T00:00:00Z,https://apps.apple.com/US/app/id1216575026?l=en,"['US', 'AU', 'CA', 'CN', 'FR', 'DE', 'GB', 'IT', 'JP', 'KR', 'RU', 'DZ', 'AO', 'AR', 'AT', 'AZ', 'BB', 'BY', 'BE', 'BM', 'BR', 'BG', 'CL', 'CO', 'CR', 'HR', 'CZ', 'DK', 'DO', 'EC', 'EG', 'SV', 'FI', 'GH', 'GR', 'GT', 'HK', 'HU', 'IN', 'ID', 'IE', 'IL', 'KZ', 'KE', 'KW', 'LB', 'LT', 'LU', 'MO', 'MG', 'MY', 'MX', 'NL', 'NZ', 'NG', 'NO', 'OM', 'PK', 'PA', 'PE', 'PH', 'PL', 'PT', 'QA', 'RO', 'SA', 'SG', 'SK', 'SI', 'ZA', 'ES', 'LK', 'SE', 'CH', 'TW', 'TH', 'TN', 'TR', 'UA', 'AE', 'UY', 'UZ', 'VE', 'VN']",1.60.1,
144,[],625985591.0,625985591.0,/ios/us/leigh-be/app/stupid-test/625985591/,,,com.buzido.StupidTest,,US,"[6014, 6016, 7012, 7018]",4+,1356.0,2020-02-17T00:00:00Z,,,43061.0,Stupid Test!,"{'downloads': 100000, 'downloads_rounded': 100, 'prefix': None, 'string': '100k', 'units': 'k'}","{'prefix': '< $', 'revenue': 1000, 'revenue_rounded': 5, 'string': '< $5k', 'units': 'k'}",https://is3-ssl.mzstatic.com/image/thumb/Purple123/v4/ef/2c/b5/ef2cb557-2b7f-092a-b082-8b47d690c415/AppIcon-0-0-1x_U007emarketing-0-0-0-6-85-220.png/150x150bb.png,https://is3-ssl.mzstatic.com/image/thumb/Purple123/v4/ef/2c/b5/ef2cb557-2b7f-092a-b082-8b47d690c415/AppIcon-0-0-1x_U007emarketing-0-0-0-6-85-220.png/150x150bb.png,https://is3-ssl.mzstatic.com/image/thumb/Purple123/v4/ef/2c/b5/ef2cb557-2b7f-092a-b082-8b47d690c415/AppIcon-0-0-1x_U007emarketing-0-0-0-6-85-220.png/150x150bb.png,625985591.0,,,True,Stupid Test!,ios,0.0,https://www.buzido.com/privacy/,,Australia,,588987873.0,Leigh Be,/ios/publisher/leigh-be/588987873,49.0,5.0,27150.0,4403.0,5.0,2013-03-31T21:26:46Z,,True,http://www.buzido.com/contact-us/,2020-01-05T00:00:00Z,https://apps.apple.com/US/app/id625985591?l=en,"['US', 'AU', 'CA', 'CN', 'FR', 'DE', 'GB', 'IT', 'JP', 'KR', 'RU', 'DZ', 'AO', 'AR', 'AT', 'AZ', 'BB', 'BY', 'BE', 'BM', 'BR', 'BG', 'CL', 'CO', 'CR', 'HR', 'CZ', 'DK', 'DO', 'EC', 'EG', 'SV', 'FI', 'GH', 'GR', 'GT', 'HK', 'HU', 'IN', 'ID', 'IE', 'IL', 'KZ', 'KE', 'KW', 'LB', 'LT', 'LU', 'MO', 'MG', 'MY', 'MX', 'NL', 'NZ', 'NG', 'NO', 'OM', 'PK', 'PA', 'PE', 'PH', 'PL', 'PT', 'QA', 'RO', 'SA', 'SG', 'SK', 'SI', 'ZA', 'ES', 'LK', 'SE', 'CH', 'TW', 'TH', 'TN', 'TR', 'UA', 'AE', 'UY', 'UZ', 'VE', 'VN']",5.8,http://www.buzido.com/
145,[],402370879.0,402370879.0,/ios/us/electronic-arts/app/nba-jam-by-ea-sports/402370879/,,,com.ea.nbajam.inc,,US,"[6014, 6016, 7016, 7003]",4+,-8.0,2020-02-17T00:00:00Z,https://itunes.apple.com/WebObjects/MZStore.woa/wa/viewEula?cc=jp&id=402370879,,25216.0,NBA JAM by EA SPORTS,"{'downloads': 6000, 'downloads_rounded': 6, 'prefix': None, 'string': '6k', 'units': 'k'}","{'prefix': '$', 'revenue': 30000, 'revenue_rounded': 30, 'string': '$30k', 'units': 'k'}",https://is5-ssl.mzstatic.com/image/thumb/Purple114/v4/58/88/e3/5888e395-b15d-131a-4569-b040b3ba8bcb/Icon-0-0-1x_U007emarketing-0-0-0-5-85-220.png/150x150bb.png,https://is5-ssl.mzstatic.com/image/thumb/Purple114/v4/58/88/e3/5888e395-b15d-131a-4569-b040b3ba8bcb/Icon-0-0-1x_U007emarketing-0-0-0-5-85-220.png/150x150bb.png,https://is5-ssl.mzstatic.com/image/thumb/Purple114/v4/58/88/e3/5888e395-b15d-131a-4569-b040b3ba8bcb/Icon-0-0-1x_U007emarketing-0-0-0-5-85-220.png/150x150bb.png,402370879.0,,,True,NBA JAM by EA SPORTS™,ios,4.99,http://tos.ea.com/legalapp/WEBPRIVACY/US/ja/PC,,US,,284800461.0,Electronic Arts,/ios/publisher/electronic-arts/284800461,49.0,4.0,23531.0,4.0,3.5,2011-02-10T08:00:00Z,,True,http://help.ea.com,2020-02-18T00:00:00Z,https://apps.apple.com/US/app/id402370879?l=en,"['US', 'CA', 'JP']",1.1.71,http://www.ea.com/iphone
146,['Frequent/Intense Simulated Gambling'],1404165333.0,1404165333.0,/ios/us/grande-games-limited/app/cash-frenzy-slots-casino/1404165333/,,,slots.secretsauce.casino.games.free.ios,True,US,"[6014, 7005, 6016, 7006]",17+,0.0,2020-02-17T00:00:00Z,,,148842.0,Cash Frenzy,"{'downloads': 400000, 'downloads_rounded': 400, 'prefix': None, 'string': '400k', 'units': 'k'}","{'prefix': '$', 'revenue': 4000000, 'revenue_rounded': 4, 'string': '$4m', 'units': 'm'}",https://is2-ssl.mzstatic.com/image/thumb/Purple123/v4/e5/f3/bb/e5f3bbb8-7fd0-efba-d8b6-a04d066a0b67/AppIcon-0-0-1x_U007emarketing-0-0-0-7-0-85-220.png/150x150bb.png,https://is2-ssl.mzstatic.com/image/thumb/Purple123/v4/e5/f3/bb/e5f3bbb8-7fd0-efba-d8b6-a04d066a0b67/AppIcon-0-0-1x_U007emarketing-0-0-0-7-0-85-220.png/150x150bb.png,https://is2-ssl.mzstatic.com/image/thumb/Purple123/v4/e5/f3/bb/e5f3bbb8-7fd0-efba-d8b6-a04d066a0b67/AppIcon-0-0-1x_U007emarketing-0-0-0-7-0-85-220.png/150x150bb.png,1404165333.0,,,True,Cash Frenzy - Slots Casino,ios,0.0,https://sites.google.com/view/cashfrenzycasino,,Hong Kong,,1241617493.0,GRANDE GAMES LIMITED,/ios/publisher/grande-games-limited/1241617493,49.0,4.5,98039.0,37442.0,4.5,2018-08-16T09:33:26Z,,True,https://bolegames.helpshift.com/a/cash-frenzy/,2019-12-31T00:00:00Z,https://apps.apple.com/US/app/id1404165333?l=en,"['US', 'AU', 'CA', 'FR', 'DE', 'GB', 'IT', 'JP', 'RU', 'DZ', 'AO', 'AR', 'AT', 'AZ', 'BB', 'BY', 'BE', 'BM', 'BR', 'BG', 'CL', 'CO', 'CR', 'HR', 'CZ', 'DK', 'DO', 'EC', 'EG', 'SV', 'FI', 'GH', 'GR', 'GT', 'HK', 'HU', 'IN', 'ID', 'IE', 'KZ', 'KE', 'KW', 'LB', 'LT', 'LU', 'MO', 'MG', 'MY', 'MX', 'NL', 'NZ', 'NG', 'NO', 'OM', 'PK', 'PA', 'PE', 'PH', 'PL', 'PT', 'QA', 'RO', 'SA', 'SG', 'SK', 'SI', 'ZA', 'ES', 'LK', 'SE', 'CH', 'TW', 'TH', 'TN', 'TR', 'UA', 'AE', 'UY', 'UZ', 'VE', 'VN']",1.54,
147,[],1478579926.0,1478579926.0,/ios/us/homa-games/app/sky-roller/1478579926/,,,com.topchopgames.skyroller,,US,"[6014, 7016, 6016, 7003]",4+,-1.0,2020-02-17T00:00:00Z,,,259404.0,Sky Roller,"{'downloads': 2000000, 'downloads_rounded': 2, 'prefix': None, 'string': '2m', 'units': 'm'}","{'prefix': '< $', 'revenue': 1000, 'revenue_rounded': 5, 'string': '< $5k', 'units': 'k'}",https://is4-ssl.mzstatic.com/image/thumb/Purple113/v4/f0/f0/11/f0f0116b-22a3-fd29-bed5-8c63bed7d06e/AppIcon-0-0-1x_U007emarketing-0-0-0-7-0-0-sRGB-0-0-0-GLES2_U002c0-512MB-85-220-0-0.png/150x150bb.png,https://is4-ssl.mzstatic.com/image/thumb/Purple113/v4/f0/f0/11/f0f0116b-22a3-fd29-bed5-8c63bed7d06e/AppIcon-0-0-1x_U007emarketing-0-0-0-7-0-0-sRGB-0-0-0-GLES2_U002c0-512MB-85-220-0-0.png/150x150bb.png,https://is4-ssl.mzstatic.com/image/thumb/Purple113/v4/f0/f0/11/f0f0116b-22a3-fd29-bed5-8c63bed7d06e/AppIcon-0-0-1x_U007emarketing-0-0-0-7-0-0-sRGB-0-0-0-GLES2_U002c0-512MB-85-220-0-0.png/150x150bb.png,1478579926.0,,,True,Sky Roller,ios,0.0,https://homagames.com/privacy/,,,,1316437775.0,Homa Games,/ios/publisher/homa-games/1316437775,50.0,5.0,107329.0,14378.0,5.0,2019-09-05T11:35:31Z,,,https://homagames.com/faqs-sky-roller/,2020-02-06T00:00:00Z,https://apps.apple.com/US/app/id1478579926?l=en,"['US', 'AU', 'CA', 'CN', 'FR', 'DE', 'GB', 'IT', 'JP', 'KR', 'RU', 'DZ', 'AO', 'AR', 'AT', 'AZ', 'BB', 'BY', 'BE', 'BM', 'BR', 'BG', 'CL', 'CO', 'CR', 'HR', 'CZ', 'DK', 'DO', 'EC', 'EG', 'SV', 'FI', 'GH', 'GR', 'GT', 'HK', 'HU', 'IN', 'ID', 'IE', 'IL', 'KZ', 'KE', 'KW', 'LB', 'LT', 'LU', 'MO', 'MG', 'MY', 'MX', 'NL', 'NZ', 'NG', 'NO', 'OM', 'PK', 'PA', 'PE', 'PH', 'PL', 'PT', 'QA', 'RO', 'SA', 'SG', 'SK', 'SI', 'ZA', 'ES', 'LK', 'SE', 'CH', 'TW', 'TH', 'TN', 'TR', 'UA', 'AE', 'UY', 'UZ', 'VE', 'VN']",1.7.5,https://homagames.com/
148,[],1279565050.0,1279565050.0,/ios/us/incpt-mobis/app/graphing-calculator-plus/1279565050/,,,com.incpt.mobis.GraphingCalculator84UMPlus,,US,"[6017, 6002]",4+,31.0,2020-02-17T00:00:00Z,,,5351.0,Graphing Calculator Plus,"{'downloads': 1000, 'downloads_rounded': 5, 'prefix': '< ', 'string': '< 5k', 'units': 'k'}","{'prefix': '$', 'revenue': 20000, 'revenue_rounded': 20, 'string': '$20k', 'units': 'k'}",https://is1-ssl.mzstatic.com/image/thumb/Purple123/v4/ba/0c/f5/ba0cf5ef-8999-ab45-c13c-7cb91aca17a7/AppIcon-0-0-1x_U007emarketing-0-0-0-7-0-0-85-220.png/150x150bb.png,https://is1-ssl.mzstatic.com/image/thumb/Purple123/v4/ba/0c/f5/ba0cf5ef-8999-ab45-c13c-7cb91aca17a7/AppIcon-0-0-1x_U007emarketing-0-0-0-7-0-0-85-220.png/150x150bb.png,https://is1-ssl.mzstatic.com/image/thumb/Purple123/v4/ba/0c/f5/ba0cf5ef-8999-ab45-c13c-7cb91aca17a7/AppIcon-0-0-1x_U007emarketing-0-0-0-7-0-0-85-220.png/150x150bb.png,1279565050.0,,,,Graphing Calculator Plus,ios,4.99,https://incptmobis.com/privacy-policy-inception-mobile-apps/,,,,445261166.0,Incpt.Mobis,/ios/publisher/incpt-mobis/445261166,50.0,4.5,5017.0,758.0,4.5,2017-10-02T06:43:18Z,,True,http://iPhoneCalculator.com/Support/,2019-11-06T00:00:00Z,https://apps.apple.com/US/app/id1279565050?l=en,"['US', 'AU', 'CA', 'CN', 'FR', 'DE', 'GB', 'IT', 'JP', 'KR', 'RU', 'DZ', 'AO', 'AR', 'AT', 'AZ', 'BB', 'BY', 'BE', 'BM', 'BR', 'BG', 'CL', 'CO', 'CR', 'HR', 'CZ', 'DK', 'DO', 'EC', 'EG', 'SV', 'FI', 'GH', 'GR', 'GT', 'HK', 'HU', 'IN', 'ID', 'IE', 'IL', 'KZ', 'KE', 'KW', 'LB', 'LT', 'LU', 'MO', 'MG', 'MY', 'MX', 'NL', 'NZ', 'NG', 'NO', 'OM', 'PK', 'PA', 'PE', 'PH', 'PL', 'PT', 'QA', 'RO', 'SA', 'SG', 'SK', 'SI', 'ZA', 'ES', 'LK', 'SE', 'CH', 'TW', 'TH', 'TN', 'TR', 'UA', 'AE', 'UY', 'UZ', 'VE', 'VN']",2.6,http://iPhoneCalculator.com
149,['Infrequent/Mild Cartoon or Fantasy Violence'],1071976327.0,1071976327.0,/ios/us/igg-com/app/lords-mobile-war-kingdom/1071976327/,,,com.igg.ios.lordsmobile,True,US,"[6014, 7017, 7014]",9+,-4.0,2020-02-17T00:00:00Z,,https://is5-ssl.mzstatic.com/image/thumb/Features118/v4/bf/cb/ec/bfcbecae-30b7-47a2-e42f-c4e5403d0db6/source/4320x1080.png,429245.0,Lords Mobile,"{'downloads': 400000, 'downloads_rounded': 400, 'prefix': None, 'string': '400k', 'units': 'k'}","{'prefix': '$', 'revenue': 10000000, 'revenue_rounded': 10, 'string': '$10m', 'units': 'm'}",https://is4-ssl.mzstatic.com/image/thumb/Purple123/v4/61/64/00/616400c7-e9cf-bcbc-d895-ffb1294e9bd7/AppIcon-0-1x_U007emarketing-0-0-85-220-0-7.png/150x150bb.png,https://is4-ssl.mzstatic.com/image/thumb/Purple123/v4/61/64/00/616400c7-e9cf-bcbc-d895-ffb1294e9bd7/AppIcon-0-1x_U007emarketing-0-0-85-220-0-7.png/150x150bb.png,https://is4-ssl.mzstatic.com/image/thumb/Purple123/v4/61/64/00/616400c7-e9cf-bcbc-d895-ffb1294e9bd7/AppIcon-0-1x_U007emarketing-0-0-85-220-0-7.png/150x150bb.png,1071976327.0,,,True,Lords Mobile: War Kingdom,ios,0.0,https://policies.igg.com/privacy_policy,,China,,1303288190.0,IGG.COM,/ios/publisher/igg-com/1303288190,50.0,4.5,63337.0,1335.0,4.5,2016-03-31T02:34:16Z,,,http://lordsmobile.forum.igg.com,2020-01-18T00:00:00Z,https://apps.apple.com/US/app/id1071976327?l=en,"['US', 'AU', 'CA', 'CN', 'FR', 'DE', 'GB', 'IT', 'JP', 'KR', 'RU', 'DZ', 'AO', 'AR', 'AT', 'AZ', 'BB', 'BY', 'BE', 'BM', 'BR', 'BG', 'CL', 'CO', 'CR', 'HR', 'CZ', 'DK', 'DO', 'EC', 'EG', 'SV', 'FI', 'GH', 'GR', 'GT', 'HK', 'HU', 'IN', 'ID', 'IE', 'IL', 'KZ', 'KE', 'KW', 'LB', 'LT', 'LU', 'MO', 'MG', 'MY', 'MX', 'NL', 'NZ', 'NG', 'NO', 'OM', 'PK', 'PA', 'PE', 'PH', 'PL', 'PT', 'QA', 'RO', 'SA', 'SG', 'SK', 'SI', 'ZA', 'ES', 'LK', 'SE', 'CH', 'TW', 'TH', 'TN', 'TR', 'UA', 'AE', 'UY', 'UZ', 'VE']",2.17,http://www.igg.com
